2798 4980
567 434 787 500 ..57-

220 577 312 639 Hanc
327 577 548 658 conjecturam
564 578 706 658 quodam
719 577 816 640 modo
831 578 899 658 jam
915 578 1086 655 Hageuius
1101 578 1178 639 odo·

174 702 264 756 ratus
289 700 350 775 est,
368 711 443 755 cum
463 693 621 757 orationis
640 693 789 770 vigorem
809 693 867 772 qui
887 694 1011 772 passim
1032 691 1178 753 animad-

175 809 325 889 vertitur,
352 809 510 871 oratorios
536 809 695 888 quosdam
718 806 850 870 aculeos
869 808 1087 889 stimulosque
1106 809 1177 888 qui·

175 923 236 984 bus
272 922 407 986 libellus
449 931 582 987 ornatur
620 923 816 1005 adnotand0,
849 941 958 986 veram
996 919 1178 986 orationem

175 1038 307 1116 publice
324 1037 469 1100 habitam
484 1037 636 1100 libellum
658 1046 806 1100 nostrum
830 1055 902 1099 esse
921 1037 1080 1121 putaret¹,
1097 1019 1179 1119 quin

176 1154 243 1216 imo
259 1154 357 1216 etiarn
372 1152 452 1216 duas
469 1155 634 1217 orationes
651 1154 797 1215 diversas
811 1155 847 1214 in
862 1153 976 1216 libello
991 1154 1178 1216 discernere

176 1268 277 1332 vellet
288 1268 310 1330 ².
328 1241 440 1343 Quam
448 1269 657 1350 hypothesim
681 1270 749 1350 J'am
764 1287 782 1330 a
799 1269 979 1346 Zur-bergio
995 1270 1030 1330 in
1053 1269 1178 1349 discep-

179 1384 334 1462 tationem
362 1383 530 1446 vocatam³
560 1404 674 1447 rursus
699 1387 896 1465 perscrutari
921 1403 989 1448 non
1019 1385 1114 1447 nobis
1143 1386 1179 1445 in

175 1501 286 1562 animo
302 1508 371 1561 est:
388 1501 451 1563 hoc
466 1509 594 1563 tantum
609 1496 856 1579 ex‘flageniana
867 1502 1087 1582 disputatione
1099 1501 1178 1563 hau·

175 1616 311 1700 riemus,
329 1617 439 1679 inesse
453 1611 572 1680 libello
586 1626 696 1709 nostro
712 1619 892 1680 oratorium
907 1617 1082 1699 quoddam,
1094 1617 1180 1696 quod

176 1733 299 1812 optime
328 1734 497 1812 scriptoris
535 1733 702 1813 proposito
731 1735 882 1812 congruit
910 1743 942 1796 et
970 1733 1179 1814 apologeticae

176 1849 316 1911 orationi
330 1850 472 1911 maxime
487 1857 599 1929 aptum
614 1859 683 1912 est:
711 1850 828 1912 eodem
849 1851 947 1913 modo
966 1851 1128 1912 isocrates
1143 1850 1180 1910 in

176 1964 333 2025 orationis
343 1963 481 2025 formam
491 1963 698 2026 defensiones
712 1981 786 2027 suas
799 1963 937 2046 redegit,
953 1965 1068 2027 eodem
1082 1964 1180 2026 modo

176 2079 284 2159 plnres
299 2079 448 2160 eJ'usdem
459 2080 615 2160 temporis
627 2079 734 2143 libelli
751 2081 926 2161 conscripti
938 2082 1083 2143 luerunt.
1103 2079 1178 2142 Non

176 2195 339 2258 contendo
360 2192 526 2275 equidem,
553 2202 589 2256 ut
614 2194 725 2274 plures
751 2195 1020 2257 existimaverunt
1032 2193 1054 2278 ‘,
1072 2194 1179 2258 libelli

176 2313 281 2373 nostri
305 2319 472 2374 auctorem
499 2311 536 2372 in
564 2310 688 2372 Eubuli
718 2312 855 2386 gratiam
874 2312 1058 2394 scripsisse,
1086 2311 1181 2390 quasi

177 2444 253 2488 eum
274 2426 354 2502 quid
376 2425 565 2487 iaciendum
586 2433 673 2488 esset
697 2426 831 2488 edocere
848 2426 1031 2488 voluisset:
1051 2425 1107 2487 sed
1130 2443 1183 2504 po·

176 2541 255 2623 tius,
279 2540 557 2620 quemadmodum
577 2539 738 2603 Isocrates
753 2539 957 2603 orationibus
973 2522 1042 2603 suis
1059 2539 1183 2602 Eubuli

177 2655 316 2717 consilia
338 2656 469 2734 publice
495 2656 682 2737 adjuvabat,
699 2656 815 2719 eodem
843 2656 943 2718 modo
973 2655 1083 2722 libelli
1108 2673 1182 2717 nos-

177 2773 218 2834 tri
233 2780 345 2847 110101·
359 2772 491 2851 publice
515 2771 603 2834 cives
628 2790 726 2851 quam
743 2771 903 2851 plurimos
924 2790 1015 2835 uovae
1030 2774 1182 2834 factionis

177 2887 390 2966 disciplinam
423 2889 599 2951 admonere
630 2887 745 2972 voluit,
776 2907 959 2968 novamque
989 2886 1182 2967 reipublicae

176 3006 326 3082 gerendae
359 3007 497 3068 formam
524 3008 797 3088 commendanda,
822 3007 863 3069 ad
886 2994 1048 3069 summam
1073 3023 1183 3067 rerum

178 3120 473 3182 administrandam
504 3122 656 3183 homines
694 3139 796 3183 novos
832 3121 1022 3198 provehere.
1057 3120 1094 3182 Si
1121 3120 1182 3181 hac

177 3242 286 3298 mente
301 3234 455 3297 libellum
471 3237 596 3298 conseri
601 3247 692 3316 ptum
716 3255 788 3299 esse
804 3244 996 3317 statuarum,
1027 3235 1105 3297 siin
1121 3235 1182 3298 illo

178 3370 244 3414 non
268 3351 460 3430 philosophi
490 3352 659 3431 cujusdam
690 3351 875 3413 studiosum
904 3369 985 3430 opus
1010 3350 1179 3432 invenire,

179 3468 236 3530 sed
260 3466 362 3529 totius
384 3468 493 3546 potius
518 3468 674 3530 factionis
698 3485 770 3546 spes
786 3466 1109 3546 pollicitationesque
1125 3485 1181 3528 au·

182 3629 389 3637 ——m—

218 3726 241 3775 t.
256 3725 354 3788 Hagen,
371 3725 428 3787 Eos,
449 3727 506 3788 icc,
530 3727 589 3778 161.

215 3815 241 3864 2.
258 3811 334 3875 loto,
354 3814 476 3865 lca-too.

216 3905 241 3953 3.
257 3900 381 3965 Zurborg,
397 3915 437 3966 op.
452 3901 540 3964 laod,
556 3916 582 3967 p.
599 3904 690 3954 1315.

215 3990 241 4041 l,
260 3989 413 4053 Schneider,
430 3990 457 4041 iu
471 3989 654 4056 Xenophontis
664 3989 738 4055 edit,
752 3992 790 4053 Vl,
802 3993 859 4042 151.
872 4019 906 4026 -
916 3988 1020 4052 Boechb,
1037 4004 1080 4053 op.
1095 3987 1182 4049 laud,

183 4074 306 4124 abactio.
325 4098 358 4107 —
374 4068 473 4134 Shnter,
491 4072 509 4133 l,
531 4074 587 4133 171,
608 4072 666 4122 119.
