2798 4980
583 451 627 462 .-
673 414 715 479 32
761 451 805 461 -

194 557 415 620 Athenienses
439 558 705 635 aggrederentur.
731 557 849 622 Nonne
872 569 959 640 tunc,
986 570 1022 623 ut
1043 562 1114 640 ipse
1135 561 1201 623 De-

193 675 384 738 mosthenes
407 677 464 757 ait,
485 674 624 738 stultum
643 684 674 736 et
692 674 871 738 absurdum
892 675 1043 759 fuisset¹,
1068 694 1144 739 cum
1165 677 1203 738 in

195 797 259 853 tarn
280 791 418 868 ancipiti
441 789 514 854 loco
537 789 724 870 respublica
746 800 943 872 versaretur,
969 793 1201 871 inopportunis

192 906 416 985 legationibus
430 906 565 970 Graecos
579 903 774 974 ἀνακτᾶσθαι
795 908 964 989 tentando,
988 908 1146 988 Philippo
1169 918 1201 972 et

193 1024 293 1085 sociis
310 1025 483 1103 quaesitum
500 1022 579 1087 belli
597 1033 787 1105 praetextum
803 1022 889 1086 ultro
907 1022 1051 1088 offerre?
1068 1024 1143 1087 Non
1161 1025 1201 1088 de

192 1140 313 1202 amisso
328 1141 517 1220 principatu
532 1149 609 1202 tnnc
623 1138 789 1221 agebatur,
805 1139 862 1200 sed
872 1140 912 1201 de
924 1138 1030 1202 salute
1043 1141 1198 1220 vitaque:

193 1272 253 1316 nec
279 1255 393 1318 odi'osa
418 1255 574 1318 benevoli
602 1255 717 1318 arbitri
741 1271 881 1336 persona
905 1263 981 1317 tnnc
1006 1257 1202 1318 sustinenda

192 1378 270 1451 erat,
290 1388 364 1433 cum
387 1371 564 1454 Philippus
585 1389 686 1452 prope
706 1371 746 1432 ad
766 1372 893 1433 Atticas
916 1371 1000 1434 llnes
1022 1380 1127 1435 castra
1144 1390 1201 1451 po·

191 1487 326 1548 suisset.

236 1601 348 1681 Longe
363 1600 459 1664 aliter
472 1618 560 1663 anno
575 1597 641 1664 355
654 1619 707 1663 res
724 1617 794 1662 sese
805 1600 974 1678 gerebant.
992 1600 1039 1664 Eo
1057 1608 1202 1683 tempore

192 1715 312 1779 iisdem
333 1717 400 1778 fere
420 1715 529 1778 verbis
550 1722 783 1778 commemorat
803 1715 1042 1780 Demosthenes
1064 1719 1200 1781 univer·

191 1849 260 1894 sam
278 1832 468 1894 Graecorum
488 1833 781 1910 perturbationem.
804 1832 886 1894 Tota
900 1832 1149 1912 Peloponnesus
1164 1835 1202 1896 in

191 1946 350 2010 factiones
366 1947 472 2010 divisa
486 1955 574 2009 erat:
593 1946 846 2028 Lacedaemonii,
865 1948 918 2009 vix
933 1966 952 2009 a
968 1947 1202 2012 Thebanorum

195 2061 313 2124 timore
336 2061 480 2144 liberati,
504 2063 662 2126 amissum
687 2063 861 2141 imperium
883 2080 1076 2143 recuperare
1091 2064 1202 2128 stude-

195 2176 273 2238 bant
287 2176 536 2258 Messeniosque
550 2179 586 2240 in
600 2178 741 2258 pristina
752 2177 827 2255 ,jura
842 2178 1009 2241 restitutos
1024 2181 1206 2256 aegrelere·

196 2293 292 2375 bant,
316 2294 433 2372 Argivi
455 2302 487 2356 et
513 2293 754 2374 Megalopolitae
776 2294 932 2356 adversus
955 2295 1134 2374 Spartanos
1155 2297 1206 2360 ira

195 2408 392 2488 flagrabant3
411 2416 443 2471 et
460 2426 534 2471 cum
551 2409 721 2471 Phocense
737 2409 910 2472 conflatum
929 2407 1055 2471 bellum
1074 2408 1204 2472 Theba-

197 2542 314 2586 norum
339 2525 427 2586 vires
449 2541 626 2603 curamque
648 2543 667 2586 a
688 2523 980 2603 Peloponnesiacis
1002 2524 1101 2586 rebus
1121 2533 1204 2587 totas

196 2640 381 2720 avertisset,
400 2611 552 2719 Spartani
568 2640 744 2718 potentiam
767 2658 860 2702 snam
873 2639 926 2720 vel
945 2638 1047 2700 armis
1067 2656 1204 2718 recupe-

196 2773 269 2818 rare
285 2755 498 2835 conabantur,
520 2755 565 2816 ita
585 2763 622 2818 ut
643 2772 758 2817 omnes
780 2754 929 2817 civitates
948 2752 1064 2816 litibus
1082 2763 1113 2815 et
1127 2770 1204 2817 eon·

196 2870 327 2931 fusione
351 2866 585 2948 agitarentur².
611 2868 701 2943 Quin
723 2870 790 2931 imo
812 2867 967 2931 civilibus
986 2869 1203 2948 perturbatio·

187 2985 297 3048 ‚nibus
310 2985 422 3065 plnres
436 2985 631 3065 respublica
654 2985 856 3065 laborabant,
879 3003 959 3064 quas
979 2985 1020 3046 ad
1034 2986 1204 3065 proprium

107 3099 108 3103 ’
196 3110 361 3180 quaestunr
384 3110 509 3193 vertere
536 3099 632 3181 paulo
656 3107 729 3181 post
754 3100 929 3181 Philippus
956 3101 1097 3163 studebit
1111 3098 1135 3162 ³.
1163 3101 1204 3161 In

197 3217 369 3281 Thessalia
387 3237 518 3299 qnoque
537 3203 607 3298 jarn
626 3217 665 3280 ab
688 3232 775 3278 anno
798 3213 862 3278 359
888 3217 1066 3280 seditiones
1088 3216 1204 3294 flagra·

195 3333 274 3394 bant
288 3341 320 3394 et
335 3341 447 3396 contra
463 3342 677 3414 tyrannorum
692 3330 854 3393 familiam
868 3320 1027 3394 Thessala
1048 3331 1204 3394 nobilitas
1262 3352 1266 3360 ·

195 3447 322 3511 bellurn
349 3456 552 3528 mortemque
582 3446 748 3528 parabat⁴.
780 3448 932 3510 Insulani
963 3448 1116 3532 tandem,
1148 3450 1205 3511 vix

235 3708 257 3757 l.
273 3705 417 3770 Demosth,
434 3709 469 3757 De
484 3707 557 3769 Pace,
575 3709 616 3757 26.

232 3793 257 3842 2.
273 3790 417 3858 Demosth,
428 3791 539 3855 eaeor„
559 3792 599 3854 18,
624 3805 659 3847 τις
674 3777 702 3852 ἦν
719 3783 816 3856 ἄκριτος
832 3787 872 3838 καὶ
885 3783 954 3856 παρὰ
967 3786 1063 3847 τούτοις
1077 3787 1118 3839 καὶ
1134 3786 1205 3858 παρὰ

195 3876 245 3928 τοῖς
259 3865 345 3929 ἄλλοις
360 3866 449 3920 ἅπασιν
465 3867 513 3938 ἔρις
528 3868 569 3919 καὶ
584 3867 694 3938 ταραχή.
716 3867 752 3920 Cf.
769 3868 877 3929 Patron,
891 3883 917 3933 p.
936 3871 996 3932 259,
1013 3873 1074 3921 260.
1168 3865 1171 3870 ’

233 3964 258 4011 3.
275 3958 417 4023 Demosth,
434 3962 468 4010 Da
482 3960 553 4020 Con,
570 3961 611 4011 19.
627 3961 663 4010 Da
673 3959 745 4023 sats.
762 3960 824 4023 lep„
844 3960 884 4010 10.

232 4050 257 4099 4.
275 4046 388 4112 Curtius
404 4048 470 4100 hist.
487 4061 607 4114 praeque,
627 4049 654 4111 t,
673 4051 715 4100 60.
