2798 4980
16 3890 31 3923 t.

575 427 795 490 -48-

183 575 348 638 tentabant
381 571 622 652 praesentiaque
656 573 776 634 damna
813 572 1049 653 pulcherrimis
1086 574 1192 636 reior-

127 758 131 766 ,
182 691 309 754 mandae
326 688 517 769 reipublicae
540 687 690 749 consiliis
712 688 905 766 pensabant.
947 688 1120 763 Quomodo
1149 698 1196 753 tot

186 815 336 887 tantaque
354 804 516 884 promissa
536 800 729 866 ulteriorem
752 804 905 866 effectum
923 803 1122 886 invenirent,
1138 823 1194 885 pa-

186 943 260 986 rum
285 921 465 1001 curabant3
489 919 546 981 sed
567 919 840 1000 Aristophontem
863 921 1101 1001 lectionemque
1122 923 1195 1003 ojus

187 1036 527 1117 incusand0,1naguis
550 1035 659 1098 verbis
679 1036 885 1116 propriorum
905 1036 1122 1100 consiliorum
1140 1055 1195 1098 va-

188 1155 324 1216 nitatem
347 1151 586 1226 obumbrando,
619 1170 656 1213 ex
675 1154 842 1215 communi
872 1123 1001 1216 invidia
1029 1155 1196 1234 propriam

188 1266 368 1330 utilitatem
390 1266 592 1346 quaerebant.
618 1264 725 1346 Cujus
747 1267 787 1329 de
803 1268 1027 1331 dominatione
1044 1270 1195 1332 cortami-

187 1385 239 1446 nis
263 1392 360 1446 testes
383 1384 479 1445 nobis
504 1400 571 1445 non
596 1382 725 1445 desunt.
743 1383 783 1444 In
798 1382 1070 1464 Aristophontem
1085 1391 1206 1465 aperte

186 1501 281 1562 dictae
307 1506 394 1580 sunt,
418 1496 549 1560 Eubulo
566 1499 704 1578 ejusque
727 1498 863 1561 factioni
885 1499 1061 1562 manifeste
1087 1501 1199 1564 lavent

187 1615 258 1676 duae
276 1613 344 1676 illae
370 1613 551 1695 orationes,
566 1631 647 1694 quas
666 1612 827 1676 Isocrates
843 1614 903 1676 suh
918 1613 1146 1696 Areopagitici
1163 1625 1196 1678 et

189 1729 415 1812 Symmachiol
426 1729 560 1792 nomine
575 1746 613 1791 eo
624 1730 805 1809 praesertim
818 1738 966 1808 tempore
977 1731 1161 1811 composuit
1171 1728 1195 1793 ¹.

188 1847 228 1907 In
254 1845 374 1926 quihus
397 1845 486 1907 nihil
506 1844 599 1907 aliud
622 1846 741 1907 oratori
765 1847 802 1906 in
825 1846 935 1908 animo
957 1847 1021 1909 fuit
1043 1864 1141 1926 quam
1161 1855 1198 1910 ut

94 1993 96 1999 v
188 1979 281 2024 novae
305 1960 492 2040 discipliuae
515 1959 676 2022 utilitates
693 1962 844 2024 omnium
865 1961 1195 2059 oculis-proponeret,

189 2076 298 2156 etjam
314 2074 454 2137 ineundi
468 2075 642 2153 regiminis
658 2077 821 2156 principia
840 2078 982 2157 quodam
997 2078 1094 2141 modo
1109 2078 1194 2142 deli-

189 2198 312 2254 nearet.
1098 2183 1102 2191 ’

234 2306 382 2369 Callidus
411 2306 546 2386 quidem
580 2307 789 2387 prudensque
822 2308 1022 2372 conviciator
1061 2308 1196 2373 nullum

187 2423 412 2485 adversarium
427 2423 558 2502 proprio
575 2423 710 2484 nomine
733 2422 939 2501 designavit:
958 2425 1068 2487 omnia
1082 2434 1197 2488 autem

187 2547 298 2618 aperte
323 2540 359 2600 in
381 2537 630 2617 Aristophontis
656 2538 832 2600 factionem
856 2540 944 2602 diota
960 2558 1031 2602 esse
1045 2541 1120 2620 quis
1136 2541 1197 2603 du-

187 2649 292 2716 bitet?
318 2652 584 2732 improbissimos
609 2651 762 2715 homines
788 2652 866 2715 illos
881 2654 940 2733 qui
966 2654 1052 2716 ebrii
1068 2671 1126 2734 per
1141 2674 1198 2717 ur-

188 2769 262 2832 bem
287 2777 455 2848 vagantur,
475 2775 645 2845 corruptos
673 2766 750 2830 illos
775 2776 920 2831 oratores
945 2768 1003 2849 qui
1029 2768 1200 2848 publicam

188 2875 363 2966 pecuniam
392 2884 479 2945 inter
503 2901 536 2944 se
563 2882 773 2946 dividunt-et
799 2886 984 2971 exactiones
1004 2885 1116 2966 populi
1139 2904 1197 2949 no·

189 3001 280 3061 mine
303 2999 403 3061 sociis
429 2995 635 3079 imponunt²‚
654 3005 690 3059 ut
709 3000 775 3079 ipsi
790 3017 826 3060 ex
850 2999 919 3062 illis
935 3000 1076 3061 fructum
1090 3000 1198 3080 peroi-

189 3116 293 3196 piam,
320 3115 394 3192 quis
420 3112 676 3175 Atheniensium
700 3113 851 3190 ignorare
878 3109 1012 3194 posset?
1037 3114 1197 3177 Pessimae

190 3231 397 3294 democratia
412 3231 558 3292 lautores
573 3229 662 3311 illos,
680 3229 863 3310 Hyperboli
875 3231 955 3293 istos
966 3239 997 3292 et
1007 3228 1197 3308 Cleophon-
1297 3234 1302 3243 '

189 3349 232 3411 tis
248 3345 407 3417 aemulos³
424 3347 499 3428 quis
515 3365 581 3409 non
596 3341 815 3424 agnosceret?
841 3345 1085 3408 Commemorat
1100 3346 1196 3409 Aris-

188 3463 305 3526 toteles
331 3461 508 3525 Charetem
531 3461 761 3525 honoratione
791 3462 1020 3542 impugnatum
1044 3459 1193 3544 suisse⁴3

187 3580 269 3660 quin
299 3579 378 3662 imo,
412 3584 476 3640 tota
510 3576 757 3656 Aristophontis
791 3577 889 3639 factio
919 3578 991 3658 pari
1020 3577 1198 3641 acerbitate

224 3805 247 3854 1.
264 3800 762 3865 111333111611113316ΒενειίεαῃιΙιεῐι,
781 3799 809 3862 ll,
827 3803 953 3852 ‘zie-ase.

224 3892 486 3956 2.1soer.‚Spnnn.,
508 3892 547 3952 13,
565 3893 606 3951 36,
626 3889 684 3940 124.

196 4044 198 4048 ‚
226 3983 251 4031 3.
270 3979 347 4040 leid„
367 3983 409 4030 75).

225 4068 251 4117 4.
268 4064 356 4124 Arist„
374 4065 457 4122 etin„
476 4061 514 4121 111,
534 4077 559 4126 p.
580 4064 635 4113 111,
