2798 4980
572 889 721 953 CAPUT
748 889 807 953 VI.

187 1107 228 1148 ΑΝ
262 1104 419 1148 LIBELLUS
453 1104 580 1149 boort-:tt
613 1103 823 1150 xbuoruortrt
848 1104 1101 1150 ATTRIBUENDUS
1125 1105 1190 1150 Str.

230 1338 292 1400 His
308 1338 476 1421 expositis,
495 1346 596 1401 restat
611 1346 646 1400 ut
661 1338 803 1401 breviter
817 1338 1035 1417 inspiciamus
1046 1355 1087 1399 an
1098 1337 1193 1401 libel·

187 1453 239 1516 lus
262 1463 376 1517 noster
399 1452 614 1533 Xenophonti
640 1454 832 1516 tribuendus
858 1453 910 1517 sit.
939 1454 1098 1516 Veterum
1123 1454 1194 1532 qui-

187 1569 262 1630 dem
276 1569 477 1632 testimoniis
492 1566 648 1630 traditum
658 1575 709 1630 est
724 1569 827 1630 inisse
839 1566 996 1630 tinellum
1006 1569 1195 1653 quemdam,

188 1681 283 1769 Ho'pot
306 1683 515 1767 inscriptum,
540 1683 598 1763 qui
625 1684 714 1745 inter
728 1681 987 1763 Xenophonteos
1010 1682 1110 1760 vulgo
1134 1702 1196 1745 nu·

189 1799 386 1862 morabatur.
404 1799 530 1861 Laudat
541 1782 723 1861 Menander
735 1797 849 1861 rhetor
859 1797 1014 1861 libellum
1024 1798 1119 1885 Hipot
1129 1800 1199 1886 περὶ

192 1918 254 2002 τῆς
273 1909 429 2002 Ἀττικῆς
444 1912 659 1993 inscriptum¹
673 1935 682 1995 3
698 1912 851 1975 eumdem
873 1912 1008 1976 laudant
1028 1911 1151 1976 librum
1167 1922 1198 1976 et

194 2029 374 2092 Athenaeus
389 2037 420 2091 et
434 2029 600 2106 Diogenes
624 2026 815 2091 Laertius²z
835 2029 930 2091 nobis
951 2038 1062 2092 autem
1081 2031 1197 2093 viden·

193 2144 273 2206 dum
290 2153 339 2206 est
353 2163 395 2207 an
410 2143 560 2206 laudatus
584 2143 641 2206 ille
659 2143 919 2224 Xenophonteus
938 2145 1025 2209 liber
1039 2147 1129 2208 idem
1144 2147 1197 2229 sit,

194 2278 367 2341 quemtnos
381 2261 554 2324 babemus

238 2376 441 2454 Ambiguam
456 2375 551 2439 illam
561 2351 690 2457 quoque
705 2377 922 2454 quaestionem
941 2376 1038 2439 multi
1057 2386 1200 2457 tempore

194 2500 306 2555 nostro
329 2492 365 2554 in
389 2492 647 2572 disputationem
670 2487 891 2554 vocaverunt:
910 2500 1065 2572 tantoque
1082 2490 1201 2553 disser-

196 2607 357 2669 tationum
381 2615 543 2688 proventu
566 2608 715 2669 nondum
736 2607 959 2671 controversia
973 2606 1124 2669 absoluta
1139 2613 1201 2666 est.

198 2721 284 2785 Cum
299 2724 339 2785 de
355 2725 525 2803 scriptoris
540 2725 608 2785 vita
630 2722 733 2785 multa
747 2723 882 2803 quidem
898 2724 1021 2784 incerta
1035 2727 1200 2804 maneant,

198 2854 274 2899 oum
298 2839 483 2918 praesertim
508 2839 548 2899 de
570 2846 675 2900 morte
695 2839 767 2920 eJ'us
787 2839 868 2901 oerti
887 2838 977 2899 nihil
996 2854 1016 2899 a
1037 2837 1204 2900 veteribus

200 2953 358 3016 traditum
373 2955 428 3034 sit,
445 2952 612 3015 uberrima
632 2953 809 3016 exsistebat
830 2952 1021 3033 disputandi
1036 2952 1203 3033 materies,

200 3068 280 3131 dum
304 3077 506 3149 quaereretur
529 3088 571 3131 an
595 3089 644 3152 ea,
668 3087 741 3151 quae
759 3070 799 3132 de
820 3068 929 3132 libelli
946 3077 1092 3148 tempore
1115 3071 1206 3147 quis·

201 3203 264 3264 que
289 3194 457 3268 statueret,
487 3204 562 3248 oum
595 3185 826 3265 Xenophontis
855 3186 931 3247 vitae
958 3185 1062 3263 spatio
1090 3173 1205 3248 eonve-

200 3302 272 3364 nire
295 3309 440 3382 possent.
465 3301 637 3380 Hagenius
662 3299 826 3382 primum⁸
850 3319 1031 3379 omnesque
1051 3301 1120 3384 qui,
1142 3301 1206 3363 viri

200 3419 391 3481 auctoritate
406 3418 544 3502 inducti,
560 3417 602 3480 ed
616 3435 741 3479 annum
757 3398 822 3480 346
838 3416 993 3479 libellum
1009 3416 1204 3500 retulerunt,

197 3531 266 3612 jam
291 3532 333 3594 ob
356 3550 428 3595 eam
450 3550 583 3595 oausam
603 3531 759 3594 libellum
779 3550 799 3594 a
816 3530 1039 3611 Xenophonte
1058 3531 1208 3593 alienum

202 3704 248 3714 .—

240 3809 264 3859 1.
281 3806 353 3859 etet.
370 3806 462 3870 ornet,
481 3805 522 3857 ed.
540 3804 628 3870 Waltz,
643 3805 684 3869 IX,
701 3821 727 3872 p.
753 3807 811 3858 tot.
829 3831 862 3842 —
877 3803 915 3857 Gi.
931 3803 1028 3869 Cobet,
1055 3807 1116 3859 Non.
1133 3807 1206 3866 leot„

223 3925 230 3939 .
249 3890 310 3940 tto.

203 3901 220 3953 p
239 3980 264 4029 2.
281 3975 384 4040 Athen,
396 3990 422 4040 p.
440 3978 490 4029 ‘272
506 3973 536 4030 b,
551 4002 583 4010 -
598 3973 671 4061 θὼς..
689 3975 782 4038 baert,
798 3975 826 4039 tt,
848 3979 890 4027 57.

241 4070 264 4117 3.
280 4065 369 4128 Hagen
388 4065 456 4130 tter,
478 4065 611 4128 too-tot).

313 4173 351 4201 011.
363 4169 446 4201 ntulit„
