2798 4980
625 405 844 470 -56-

235 548 364 611 navalia
379 550 586 629 reficiemus3
609 550 845 632 sacerdotibus,
867 553 1008 635 senatui,
1036 557 1240 634 magistrati·

232 665 306 747 bus,
323 666 491 746 equitibus
501 684 591 729 more
609 667 711 746 patrio
730 665 868 746 praeberi
884 666 982 730 solita
998 673 1241 758 restituemus,

234 798 298 861 quo
312 789 404 861 pacto
421 799 485 845 non
508 783 608 844 fuerit
621 799 728 862 operae
749 783 891 862 pretium
907 802 966 848 uos
980 786 1052 849 haec
1062 807 1160 868 quam
1169 792 1242 871 pri-

232 914 323 957 mum
337 896 483 976 aggredi,
499 905 536 958 ut
551 897 649 960 etiam
668 897 763 960 nobis
780 897 886 961 adhuc
902 902 1134 978 superstitibus
1152 923 1243 968 rem—

232 1010 401 1090 publicam
420 1013 455 1073 in
472 1017 541 1073 tuto
561 1011 752 1074 collocatam
773 1012 972 1095 felicemque
995 1017 1163 1082 videamus
1176 1019 1201 1084 ¹.
1224 1048 1240 1077 ι

234 1125 352 1189 Nonne
378 1125 546 1208 Eubulum
561 1127 669 1206 ipsum
689 1126 803 1189 audire
819 1125 957 1190 credas?
978 1131 1095 1194 Noune
1109 1135 1235 1220 reipsa,

233 1262 308 1306 cum
326 1242 448 1305 Eubuli
462 1243 560 1305 factio
578 1261 738 1305 summam
761 1262 870 1305 rerum
888 1245 1146 1334 administrabit,
1165 1249 1241 1331 plu-

234 1359 318 1420 rima
340 1358 500 1436 promissa
524 1357 585 1419 illa
608 1358 648 1420 ad
665 1359 816 1421 effectum
831 1360 1100 1440 perducentur'?

278 1475 371 1536 Adde
397 1481 552 1553 praterea
575 1473 611 1532 in
634 1472 697 1533 hoc
722 1489 807 1536 anno
826 1470 891 1537 355
913 1478 1097 1557 conscripto
1121 1478 1243 1546 libello

234 1589 364 1653 nullum
392 1588 618 1650 adversarium
649 1587 771 1666 apertis
802 1589 912 1651 verbis
936 1590 1131 1670 designari:
1163 1598 1243 1676 quis

236 1717 343 1770 tamen
363 1704 489 1768 dubitet
511 1705 569 1765 has
592 1706 628 1766 iu
648 1703 768 1766 malam
793 1706 1000 1785 publicarum
1023 1711 1243 1789 pecuniarum

233 1820 550 1894 administrationem
593 1818 834 1900 accusationes,
874 1821 959 1884 hanc
992 1826 1093 1887 sociis
1129 1825 1242 1889 illata-

235 1956 308 1999 rum
331 1934 526 2018 injuriarum
546 1935 904 2018 commemorationem,
923 1937 985 1999 hoc
1006 1938 1242 2004 Thebanorum

234 2051 378 2134 odium³,
394 2052 478 2114 hanc
493 2049 683 2129 reipublicae
704 2050 920 2114 reformandae
941 2057 1182 2140 necessitatem,
1202 2059 1243 2121 in

237 2168 482 2248 Aristophoutis
497 2167 670 2229 factionem
687 2167 774 2229 diota
790 2164 885 2230 esse?
901 2169 1052 2232 Isocratis
1073 2174 1240 2259 exemplo,

238 2285 379 2349 callidus
395 2291 507 2346 noster
521 2284 657 2361 scriptor
672 2283 820 2345 obscuris
833 2285 1075 2348 tantumverbis
1091 2289 1244 2369 omnipo·

240 2409 361 2464 tentem
384 2400 576 2462 dictatorem
596 2398 829 2476 impugnabat:
852 2399 982 2463 homini
1010 2420 1078 2466 nou
1106 2404 1246 2469 deerant

240 2518 330 2581 enim
344 2534 405 2579 nec
419 2516 460 2578 ad
480 2515 701 2577 resistendum
715 2516 851 2578 audacia
874 2534 934 2580 nec
957 2518 998 2579 ad
1020 2519 1244 2599 incusandum

239 2633 436 2713 eloquentia.
466 2632 583 2693 Nonne
608 2631 711 2709 igitur
739 2631 899 2694 credibile
931 2641 980 2695 est
1005 2634 1113 2697 libelli
1136 2639 1245 2700 nostri

238 2757 406 2812 auctorem
420 2748 521 2830 idem,
533 2746 620 2825 quod
631 2747 791 2808 Isocrates
802 2747 971 2829 habuerat,
985 2750 1165 2814 consilium
1176 2753 1244 2815 sibi

239 2864 464 2945 proposuisse,
484 2870 516 2925 et
541 2861 657 2925 eodem
679 2862 776 2924 modo
798 2880 891 2925 noum
907 2864 1062 2927 factionis
1080 2868 1246 2947 promissa

241 2980 454 3060 ostentando,
495 2979 611 3042 acerbo
653 2980 833 3042 factionum
861 2982 1047 3063 certamini,
1072 3000 1136 3062 quo
1165 2989 1245 3046 tunc

239 3096 381 3160 Athenae
397 3096 588 3178 flagrabant,
608 3114 642 3157 se
662 3112 792 3175 quoque
816 3097 1008 3180 immisisse,
1023 3098 1246 3181 libellumque

241 3221 390 3276 nostrum
401 3213 436 3272 iu
452 3212 575 3274 Eubuli
590 3212 730 3289 gratiam
745 3213 983 3297 composuisse,
998 3224 1035 3277 ut
1049 3216 1119 3277 viro
1128 3216 1245 3279 factio·

241 3329 342 3408 nique
371 3329 442 3408 ejus
464 3327 505 3389 ad
529 3346 690 3389 summam
721 3344 831 3388 rerum
854 3327 1144 3393 administrandam
1173 3332 1245 3396 vias

240 3441 407 3526 aperiret?

241 3607 450 3617 ——.-

280 3702 301 3752 1.
319 3702 395 3764 Vect,
413 3700 450 3761 tt,
470 3701 494 3751 1.
511 3696 548 3752 Gi.
563 3700 674 3764 Sptuttt„
692 3698 783 3750 fodi,

278 3795 304 3842 2³.
322 3789 390 3854 tide,
407 3788 524 3856 exempli
541 3787 633 3853 gratia,
650 3786 787 3855 privilegia
805 3785 917 3839 Sidoniis
931 3786 1124 3840 mercatoribus
1139 3787 1245 3853 collata,

241 3872 269 3923 c.
285 3874 305 3922 l.
322 3872 362 3932 A,
377 3871 406 3933 ll,
427 3873 449 3933 1,
463 3875 506 3922 86.
522 3870 583 3930 Quae
599 3867 677 3920 fucrit
691 3881 761 3920 anno
777 3865 858 3935 353Ιῖ
874 3866 1007 3920 navalium
1023 3867 1158 3934 copiarum
1173 3868 1248 3922 solli·

242 3950 329 4002 citudo
345 3965 376 4002 ex
394 3952 422 4003 C.
440 3952 460 4003 l.
478 3951 505 4013 Α,
523 3950 551 4013 ll,
570 3953 629 4011 795,
647 3945 800 4014 perspicere
814 3946 885 4000 licet.

278 4045 302 4092 a.
322 4043 400 4102 tect,
421 4043 445 4103 t,
461 4044 486 4091 o.
