2798 4980
535 435 578 443 -
623 395 665 460 47
712 434 755 442 .-

139 538 294 602 tabatur¹.
313 539 343 600 N
346 556 400 622 on,
418 538 566 622 ut-olim,
581 543 615 601 in
631 540 753 603 classes
768 548 800 602 et
816 528 979 602 exercitus
995 539 1145 619 publicos

138 654 261 720 reditus
277 655 491 719 effundendos
507 674 579 718 esse
595 657 802 738 praedicabat,
821 656 878 718 scd
899 656 935 716 in
960 656 1032 717 dias
1046 656 1147 720 festos

138 778 374 850 apparatusque
388 769 560 851 ludorum3
576 772 762 853 vectigalia,
773 771 894 852 quibus
905 778 1002 834 antea
1014 771 1145 851 milites

138 884 346 966 remigesque
375 885 557 969 alebantur,
587 905 675 950 nuuc
704 886 825 967 populo
861 887 1039 948 dividenda
1074 905 1146 948 esse

138 1003 358 1084 renuntiabat,
376 1010 411 1065 ut
425 1020 549 1082 omnes,
565 1004 619 1066 vel
638 1003 851 1085 pauperrimi,
877 1003 965 1064 cives
987 1003 1146 1064 festorum

139 1125 169 1179 at
186 1118 446 1198 spectaculorum
463 1119 636 1196 participes
651 1119 787 1181 fierent:
807 1116 1004 1198 nullumque
1017 1116 1146 1181 bellum

25 1319 30 1323 .
136 1233 321 1316 timendum
335 1233 403 1304 iore
418 1233 595 1313 asserebat,
613 1234 642 1295 si
658 1253 677 1296 a
691 1213 804 1296 rerum
819 1233 1004 1295 alienarum
1020 1234 1144 1312 cupidi-

135 1355 201 1413 tate
216 1348 331 1430 alieni,
348 1357 380 1411 et
396 1349 485 1412 nihil
500 1357 619 1429 praeter
632 1349 689 1430 jus
710 1356 742 1410 et
764 1366 896 1429 aequum
912 1328 1038 1425 agendo
1054 1349 1145 1428 pacis

136 1480 264 1542 semper
280 1463 432 1545 studiosi,
450 1464 639 1527 Graecorum
654 1465 803 1527 omnium
813 1465 993 1528 amicitiam
1009 1466 1145 1527 societa-

134 1586 266 1658 temque
291 1598 350 1660 per
371 1579 551 1658 legationes
577 1589 761 1660 quaererent
784 1578 1038 1642 Atheniensas².
1067 1581 1145 1642 Phi-

134 1692 218 1773 lippi
234 1695 271 1756 in
281 1694 420 1757 Thracia
431 1695 605 1758 continuos
618 1712 822 1777 progressus,
840 1695 981 1772 Mausoli
991 1697 1145 1758 adversus

135 1810 305 1881 insulanos
331 1812 471 1872 insidias
502 1830 617 1891 parum
645 1812 802 1890 curabat3
827 1812 857 1872 si
887 1811 1146 1873 Atheniensium

135 1926 263 2008 civitas,
279 1927 348 1986 suis
365 1934 526 2008 contenta,
544 1944 657 2005 pacem
681 1935 713 1988 et
726 1927 892 2008 justitiam
904 1925 1011 1988 colere
1030 1925 1142 2010 vellet,
1247 1983 1250 1989 ,

54 2090 56 2094 ⁴
136 2041 247 2103 omnia
262 2058 415 2121 prospera
429 2042 539 2105 sutura
555 2060 749 2123 persuasum
760 2039 929 2103 habebat³.
944 2041 1143 2123 Hujusmodi

135 2157 288 2219 consiliis
304 2159 431 2221 fessum
446 2158 605 2238 populum
620 2159 820 2220 tributorum
838 2157 981 2237 pondere
996 2155 1141 2219 militiae·

135 2288 198 2349 que
221 2290 319 2335 onere
342 2289 535 2352 oppressum
555 2271 655 2334 facile
675 2273 739 2334 sibi
755 2271 972 2352 conciliabat3
989 2271 1043 2332 his
1059 2272 1137 2335 arti-

135 2386 197 2448 bus
213 2386 457 2467 Aristopbootis
475 2388 652 2450 factionem
666 2386 764 2466 paulo
786 2395 857 2467 post
872 2405 1058 2476 eversurus,
1072 2388 1142 2468 Jam

135 2510 224 2565 certo
233 2504 339 2581 gradu
348 2505 388 2566 ad
397 2522 560 2566 summam
567 2521 679 2566 rerum
692 2501 842 2565 Eubulus
853 2503 1134 2583 progrediebatur.

151 2668 154 2672 Α
178 2616 354 2696 Continuis
373 2620 475 2697 igitur
492 2619 669 2681 discordiis
684 2618 837 2698 flagrabat
850 2637 936 2680 anno
953 2615 1017 2682 355
1030 2617 1132 2682 Athe·
1205 2675 1213 2690 ,

132 2733 301 2794 niensium
324 2733 524 2813 respublica.
549 2733 794 2813 Aristophontts
819 2734 918 2796 amici
944 2735 1157 2818 detrectatop

132 2865 251 2927 resque
272 2849 469 2911 criminibus
488 2850 714 2929 conviciisque
741 2868 812 2913 sese
834 2850 979 2912 invicem
1001 2848 1139 2913 lacesse-

131 2963 230 3044 bant,
248 2963 434 3044 Eubulique
449 2964 547 3027 factio
557 2965 765 3045 quotidianos
780 2966 817 3026 in
827 2966 913 3028 viros
931 2965 987 3044 qui
1003 2984 1139 3028 summae

131 3095 241 3139 rerum
266 3086 429 3157 praeerant
453 3080 595 3159 impetus
618 3079 776 3142 iaciebat:
797 3087 830 3141 et
844 3087 880 3141 ut
899 3081 1138 3141 adversariose

131 3194 354 3256 dominatione
370 3195 539 3277 dejiceret,
558 3206 594 3257 ut
609 3212 726 3258 novam
746 3214 839 3257 suam
861 3196 1050 3275 reipublicae
1072 3197 1138 3257 dis-

130 3308 288 3388 ciplinam
298 3310 423 3390 populo
435 3312 689 3393 commendaret,
707 3328 767 3373 nec
788 3311 1055 3373 accusationibus
1072 3327 1133 3371 nec

26 3462 30 3469 ·
129 3425 330 3488 orationibus
359 3424 553 3488 abstinebat.
586 3425 703 3489 Solitis
730 3425 975 3487 adversantium
1009 3425 1134 3487 artibus

130 3537 352 3618 amplissimas
367 3558 442 3619 spes
457 3548 489 3602 et
503 3539 761 3623 pollicitationes
785 3532 1070 3619 splendidissimas
1085 3558 1136 3603 os·

167 3761 190 3812 1.
206 3761 416 3828 Theopomp.,ll,
424 3761 738 3827 sr.,95‚96,b.Philinos
751 3762 956 3827 (Harpocration.
971 3767 1000 3815 v⁰
1011 3759 1136 3831 teutpert).

165 3853 190 3902 2.
207 3850 298 3914 lsocr.,
314 3853 427 3917 Syracu,
443 3856 486 3904 23.
503 3879 537 3888 -
551 3850 696 3915 Demosth.,
715 3851 826 3914 befcts.
842 3854 904 3915 tea,
923 3854 984 3904 3011.
997 3851 1134 3914 -AEscla,

100 3941 104 3948 ’
131 3942 153 3980 r.
175 3929 255 3992 Cleo,
272 3934 316 3983 58.

167 4022 192 4070 3.
208 4019 300 4081 lecca,
316 4021 427 4083 Samira,
445 4023 487 4081 22,
508 4024 550 4073 23.
