<?xml version="1.0" encoding="UTF-8"?>
<!DOCTYPE html PUBLIC "-//W3C//DTD XHTML 1.0 Transitional//EN"
    "http://www.w3.org/TR/xhtml1/DTD/xhtml1-transitional.dtd">
<html xmlns="http://www.w3.org/1999/xhtml" xml:lang="en" lang="en">
 <head>
  <title>
</title>
<meta http-equiv="Content-Type" content="text/html;charset=utf-8" />
  <meta name='ocr-system' content='tesseract 3.04.00' />
  <meta name='ocr-capabilities' content='ocr_page ocr_carea ocr_par ocr_line ocrx_word'/>
</head>
<body>
  <div class='ocr_page' id='page_1' title='image "./quotemporequame00diehgoog_0038.png"; bbox 0 0 2798 4980; ppageno 0'>
   <div class='ocr_carea' id='block_1_1' title="bbox 584 417 804 479">
    <p class='ocr_par' dir='ltr' id='par_1_1' title="bbox 584 417 804 479">
     <span class='ocr_line' id='line_1_1' title="bbox 584 417 804 479; baseline -0.009 -15"><span class='ocrx_word' id='word_1_1' title='bbox 584 417 804 479; x_wconf 58' lang='lat'>„29-</span> 
     </span>
    </p>
   </div>
   <div class='ocr_carea' id='block_1_2' title="bbox 192 558 1198 644">
    <p class='ocr_par' dir='ltr' id='par_1_2' title="bbox 192 558 1198 644">
     <span class='ocr_line' id='line_1_2' title="bbox 192 558 1198 644; baseline -0.008 -19"><span class='ocrx_word' id='word_1_2' title='bbox 192 572 225 626; x_wconf 87' lang='lat' dir='ltr'>et</span> <span class='ocrx_word' id='word_1_3' title='bbox 245 564 340 644; x_wconf 82' lang='lat' dir='ltr'>quasi</span> <span class='ocrx_word' id='word_1_4' title='bbox 362 563 493 625; x_wconf 88' lang='lat' dir='ltr'>unicam</span> <span class='ocrx_word' id='word_1_5' title='bbox 513 562 627 624; x_wconf 86' lang='lat' dir='ltr'>salutis</span> <span class='ocrx_word' id='word_1_6' title='bbox 648 561 737 623; x_wconf 86' lang='lat' dir='ltr'>viem</span> <span class='ocrx_word' id='word_1_7' title='bbox 758 576 937 641; x_wconf 79' lang='lat' dir='ltr'>proponere</span> <span class='ocrx_word' id='word_1_8' title='bbox 954 558 1044 637; x_wconf 87' lang='lat' dir='ltr'>velit,</span> <span class='ocrx_word' id='word_1_9' title='bbox 1063 558 1198 636; x_wconf 79' lang='lat' dir='ltr'>scriptor</span> 
     </span>
    </p>
   </div>
   <div class='ocr_carea' id='block_1_3' title="bbox 192 674 1304 756">
    <p class='ocr_par' dir='ltr' id='par_1_3' title="bbox 192 674 1304 756">
     <span class='ocr_line' id='line_1_3' title="bbox 192 674 1304 756; baseline -0.009 -13"><span class='ocrx_word' id='word_1_10' title='bbox 192 677 439 743; x_wconf 77' lang='lat' dir='ltr'>obscurissimis</span> <span class='ocrx_word' id='word_1_11' title='bbox 455 686 581 740; x_wconf 87' lang='lat' dir='ltr'>tantum</span> <span class='ocrx_word' id='word_1_12' title='bbox 595 677 705 739; x_wconf 90' lang='lat' dir='ltr'>verbis</span> <span class='ocrx_word' id='word_1_13' title='bbox 715 674 907 756; x_wconf 84' lang='lat' dir='ltr'>Philippum</span> <span class='ocrx_word' id='word_1_14' title='bbox 917 674 1151 756; x_wconf 83' lang='lat' dir='ltr'>designaverit,</span> <span class='ocrx_word' id='word_1_15' title='bbox 1167 681 1199 735; x_wconf 89' lang='lat' dir='ltr'>et</span> <span class='ocrx_word' id='word_1_16' title='bbox 1302 707 1304 709; x_wconf 57' lang='lat'>&gt;</span> 
     </span>
    </p>
   </div>
   <div class='ocr_carea' id='block_1_4' title="bbox 151 785 1247 1801">
    <p class='ocr_par' dir='ltr' id='par_1_4' title="bbox 192 785 1201 1337">
     <span class='ocr_line' id='line_1_4' title="bbox 192 785 1199 874; baseline -0.008 -16"><span class='ocrx_word' id='word_1_17' title='bbox 192 815 234 858; x_wconf 90' lang='lat' dir='ltr'>ne</span> <span class='ocrx_word' id='word_1_18' title='bbox 261 813 383 859; x_wconf 90' lang='lat' dir='ltr'>nomen</span> <span class='ocrx_word' id='word_1_19' title='bbox 413 795 547 874; x_wconf 88' lang='lat' dir='ltr'>quidem</span> <span class='ocrx_word' id='word_1_20' title='bbox 575 794 662 870; x_wconf 89' lang='lat' dir='ltr'>regis</span> <span class='ocrx_word' id='word_1_21' title='bbox 691 793 809 855; x_wconf 89' lang='lat' dir='ltr'>libello</span> <span class='ocrx_word' id='word_1_22' title='bbox 833 793 979 854; x_wconf 88' lang='lat' dir='ltr'>inserere</span> <span class='ocrx_word' id='word_1_23' title='bbox 1000 809 1099 852; x_wconf 89' lang='lat' dir='ltr'>ausus</span> <span class='ocrx_word' id='word_1_24' title='bbox 1123 785 1199 867; x_wconf 80' lang='lat' dir='ltr'>sit?</span> 
     </span>
     <span class='ocr_line' id='line_1_5' title="bbox 192 906 1199 992; baseline -0.007 -18"><span class='ocrx_word' id='word_1_25' title='bbox 192 913 329 974; x_wconf 87' lang='lat' dir='ltr'>Adeone</span> <span class='ocrx_word' id='word_1_26' title='bbox 347 909 486 992; x_wconf 88' lang='lat' dir='ltr'>periculi</span> <span class='ocrx_word' id='word_1_27' title='bbox 501 908 599 989; x_wconf 87' lang='lat' dir='ltr'>plena</span> <span class='ocrx_word' id='word_1_28' title='bbox 614 910 685 971; x_wconf 88' lang='lat' dir='ltr'>haec</span> <span class='ocrx_word' id='word_1_29' title='bbox 699 909 815 970; x_wconf 87' lang='lat' dir='ltr'>fuisset</span> <span class='ocrx_word' id='word_1_30' title='bbox 834 907 980 985; x_wconf 87' lang='lat' dir='ltr'>audacia,</span> <span class='ocrx_word' id='word_1_31' title='bbox 1002 915 1049 985; x_wconf 89' lang='lat' dir='ltr'>ut,</span> <span class='ocrx_word' id='word_1_32' title='bbox 1065 906 1120 967; x_wconf 84' lang='lat' dir='ltr'>vix</span> <span class='ocrx_word' id='word_1_33' title='bbox 1136 906 1199 968; x_wconf 92' lang='lat' dir='ltr'>icto</span> 
     </span>
     <span class='ocr_line' id='line_1_6' title="bbox 192 1023 1201 1109; baseline -0.008 -18"><span class='ocrx_word' id='word_1_34' title='bbox 192 1028 329 1109; x_wconf 77' lang='lat' dir='ltr'>foedere,</span> <span class='ocrx_word' id='word_1_35' title='bbox 355 1026 504 1106; x_wconf 86' lang='lat' dir='ltr'>Philippi</span> <span class='ocrx_word' id='word_1_36' title='bbox 523 1043 644 1087; x_wconf 88' lang='lat' dir='ltr'>nomen</span> <span class='ocrx_word' id='word_1_37' title='bbox 664 1041 755 1102; x_wconf 84' lang='lat' dir='ltr'>aegre</span> <span class='ocrx_word' id='word_1_38' title='bbox 771 1025 917 1086; x_wconf 84' lang='lat' dir='ltr'>audituri</span> <span class='ocrx_word' id='word_1_39' title='bbox 937 1023 1080 1084; x_wconf 86' lang='lat' dir='ltr'>fuissent</span> <span class='ocrx_word' id='word_1_40' title='bbox 1100 1023 1201 1085; x_wconf 87' lang='lat' dir='ltr'>Athe-</span> 
     </span>
     <span class='ocr_line' id='line_1_7' title="bbox 194 1140 1199 1220; baseline -0.006 -16"><span class='ocrx_word' id='word_1_41' title='bbox 194 1140 353 1206; x_wconf 84' lang='lat' dir='ltr'>nienses?</span> <span class='ocrx_word' id='word_1_42' title='bbox 370 1141 421 1204; x_wconf 87' lang='lat' dir='ltr'>Ne</span> <span class='ocrx_word' id='word_1_43' title='bbox 436 1141 536 1220; x_wconf 91' lang='lat' dir='ltr'>nugis</span> <span class='ocrx_word' id='word_1_44' title='bbox 556 1141 658 1216; x_wconf 85' lang='lat' dir='ltr'>igitur</span> <span class='ocrx_word' id='word_1_45' title='bbox 680 1149 710 1202; x_wconf 88' lang='lat' dir='ltr'>et</span> <span class='ocrx_word' id='word_1_46' title='bbox 735 1157 982 1220; x_wconf 83' lang='lat' dir='ltr'>supervacaneae</span> <span class='ocrx_word' id='word_1_47' title='bbox 1007 1140 1199 1220; x_wconf 82' lang='lat' dir='ltr'>conjecturae</span> 
     </span>
     <span class='ocr_line' id='line_1_8' title="bbox 194 1259 665 1337; baseline -0.011 -16"><span class='ocrx_word' id='word_1_48' title='bbox 194 1259 326 1337; x_wconf 91' lang='lat' dir='ltr'>longius</span> <span class='ocrx_word' id='word_1_49' title='bbox 342 1259 566 1320; x_wconf 81' lang='lat' dir='ltr'>immoremur.</span> <span class='ocrx_word' id='word_1_50' title='bbox 663 1283 665 1288; x_wconf 93' lang='lat'>·</span> 
     </span>
    </p>

    <p class='ocr_par' dir='ltr' id='par_1_5' title="bbox 151 1371 1247 1801">
     <span class='ocr_line' id='line_1_9' title="bbox 241 1371 1202 1456; baseline -0.006 -19"><span class='ocrx_word' id='word_1_51' title='bbox 241 1374 338 1456; x_wconf 90' lang='lat' dir='ltr'>Cum,</span> <span class='ocrx_word' id='word_1_52' title='bbox 356 1382 392 1437; x_wconf 92' lang='lat' dir='ltr'>ut</span> <span class='ocrx_word' id='word_1_53' title='bbox 407 1392 503 1453; x_wconf 89' lang='lat' dir='ltr'>supra</span> <span class='ocrx_word' id='word_1_54' title='bbox 519 1373 827 1455; x_wconf 82' lang='lat' dir='ltr'>demonstravimus,</span> <span class='ocrx_word' id='word_1_55' title='bbox 841 1371 961 1450; x_wconf 90' lang='lat' dir='ltr'>optime</span> <span class='ocrx_word' id='word_1_56' title='bbox 977 1373 1064 1433; x_wconf 90' lang='lat' dir='ltr'>inter</span> <span class='ocrx_word' id='word_1_57' title='bbox 1078 1388 1112 1431; x_wconf 92' lang='lat' dir='ltr'>se</span> <span class='ocrx_word' id='word_1_58' title='bbox 1126 1387 1202 1432; x_wconf 89' lang='lat' dir='ltr'>con-</span> 
     </span>
     <span class='ocr_line' id='line_1_10' title="bbox 194 1466 1203 1567; baseline -0.007 -15"><span class='ocrx_word' id='word_1_59' title='bbox 194 1491 307 1553; x_wconf 89' lang='lat' dir='ltr'>venire</span> <span class='ocrx_word' id='word_1_60' title='bbox 331 1489 421 1552; x_wconf 91' lang='lat' dir='ltr'>locos</span> <span class='ocrx_word' id='word_1_61' title='bbox 442 1489 485 1567; x_wconf 88' lang='lat' dir='ltr'>V,</span> <span class='ocrx_word' id='word_1_62' title='bbox 510 1486 550 1549; x_wconf 78' lang='lat'>12</span> <span class='ocrx_word' id='word_1_63' title='bbox 573 1497 604 1551; x_wconf 90' lang='lat' dir='ltr'>et</span> <span class='ocrx_word' id='word_1_64' title='bbox 623 1487 682 1566; x_wconf 90' lang='lat' dir='ltr'>IV,</span> <span class='ocrx_word' id='word_1_65' title='bbox 705 1484 749 1549; x_wconf 88' lang='grc'>40</span> <span class='ocrx_word' id='word_1_66' title='bbox 769 1487 1015 1550; x_wconf 87' lang='lat' dir='ltr'>concedendum</span> <span class='ocrx_word' id='word_1_67' title='bbox 1039 1466 1203 1567; x_wconf 83' lang='lat' dir='ltr'>sit,nihil</span> 
     </span>
     <span class='ocr_line' id='line_1_11' title="bbox 151 1600 1247 1680; baseline -0.007 -13"><span class='ocrx_word' id='word_1_68' title='bbox 151 1650 158 1667; x_wconf 90' lang='lat'><strong>.</strong></span> <span class='ocrx_word' id='word_1_69' title='bbox 195 1605 402 1669; x_wconf 79' lang='lat' dir='ltr'>necessitatis</span> <span class='ocrx_word' id='word_1_70' title='bbox 418 1605 504 1665; x_wconf 88' lang='lat' dir='ltr'>inest</span> <span class='ocrx_word' id='word_1_71' title='bbox 520 1622 577 1665; x_wconf 90' lang='lat' dir='ltr'>cur</span> <span class='ocrx_word' id='word_1_72' title='bbox 591 1604 744 1666; x_wconf 88' lang='lat' dir='ltr'>libellum</span> <span class='ocrx_word' id='word_1_73' title='bbox 761 1622 848 1666; x_wconf 88' lang='lat' dir='ltr'>anno</span> <span class='ocrx_word' id='word_1_74' title='bbox 862 1600 926 1666; x_wconf 77' lang='lat'>346</span> <span class='ocrx_word' id='word_1_75' title='bbox 948 1603 1131 1664; x_wconf 80' lang='lat' dir='ltr'>conlectum</span> <span class='ocrx_word' id='word_1_76' title='bbox 1145 1619 1203 1680; x_wconf 91' lang='lat' dir='ltr'>pu·</span> <span class='ocrx_word' id='word_1_77' title='bbox 1240 1624 1247 1635; x_wconf 89' lang='lat'><strong>·</strong></span> 
     </span>
     <span class='ocr_line' id='line_1_12' title="bbox 197 1714 1206 1801; baseline -0.006 -18"><span class='ocrx_word' id='word_1_78' title='bbox 197 1729 303 1783; x_wconf 89' lang='lat' dir='ltr'>temus</span> <span class='ocrx_word' id='word_1_79' title='bbox 317 1740 324 1780; x_wconf 93' lang='lat'>:</span> <span class='ocrx_word' id='word_1_80' title='bbox 343 1737 414 1798; x_wconf 85' lang='lat' dir='ltr'>quae</span> <span class='ocrx_word' id='word_1_81' title='bbox 427 1736 503 1780; x_wconf 91' lang='lat' dir='ltr'>cum</span> <span class='ocrx_word' id='word_1_82' title='bbox 512 1718 557 1780; x_wconf 92' lang='lat' dir='ltr'>ita</span> <span class='ocrx_word' id='word_1_83' title='bbox 569 1719 647 1801; x_wconf 90' lang='lat' dir='ltr'>sint,</span> <span class='ocrx_word' id='word_1_84' title='bbox 661 1736 729 1781; x_wconf 92' lang='lat' dir='ltr'>non</span> <span class='ocrx_word' id='word_1_85' title='bbox 739 1718 835 1780; x_wconf 88' lang='lat' dir='ltr'>video</span> <span class='ocrx_word' id='word_1_86' title='bbox 847 1735 1000 1780; x_wconf 86' lang='lat' dir='ltr'>curenno</span> <span class='ocrx_word' id='word_1_87' title='bbox 1011 1714 1075 1778; x_wconf 83' lang='grc'>346</span> <span class='ocrx_word' id='word_1_88' title='bbox 1087 1717 1206 1794; x_wconf 86' lang='lat' dir='ltr'>scripta</span> 
     </span>
    </p>
   </div>
   <div class='ocr_carea' id='block_1_5' title="bbox 106 1829 1395 2029">
    <p class='ocr_par' dir='ltr' id='par_1_6' title="bbox 106 1829 1395 2029">
     <span class='ocr_line' id='line_1_13' title="bbox 106 1829 1204 1915; baseline -0.007 -17"><span class='ocrx_word' id='word_1_89' title='bbox 106 1861 111 1869; x_wconf 93' lang='lat'><em>·</em></span> <span class='ocrx_word' id='word_1_90' title='bbox 199 1837 264 1898; x_wconf 91' lang='lat' dir='ltr'>sint</span> <span class='ocrx_word' id='word_1_91' title='bbox 287 1835 384 1896; x_wconf 87' lang='lat' dir='ltr'>verba</span> <span class='ocrx_word' id='word_1_92' title='bbox 405 1832 462 1896; x_wconf 92' lang='lat' dir='ltr'>illa</span> <span class='ocrx_word' id='word_1_93' title='bbox 485 1832 526 1915; x_wconf 88' lang='lat' dir='ltr'>V,</span> <span class='ocrx_word' id='word_1_94' title='bbox 552 1833 584 1913; x_wconf 81' lang='lat'>9,</span> <span class='ocrx_word' id='word_1_95' title='bbox 608 1851 750 1913; x_wconf 88' lang='lat' dir='ltr'>quorum</span> <span class='ocrx_word' id='word_1_96' title='bbox 774 1833 997 1911; x_wconf 83' lang='lat' dir='ltr'>interpretatio</span> <span class='ocrx_word' id='word_1_97' title='bbox 1018 1831 1139 1912; x_wconf 89' lang='lat' dir='ltr'>optime</span> <span class='ocrx_word' id='word_1_98' title='bbox 1163 1829 1204 1892; x_wconf 86' lang='lat' dir='ltr'>ad</span> 
     </span>
     <span class='ocr_line' id='line_1_14' title="bbox 197 1946 1395 2029; baseline -0.008 -15"><span class='ocrx_word' id='word_1_99' title='bbox 197 1969 321 2014; x_wconf 86' lang='lat' dir='ltr'>annum</span> <span class='ocrx_word' id='word_1_100' title='bbox 337 1946 401 2014; x_wconf 76' lang='lat'>355</span> <span class='ocrx_word' id='word_1_101' title='bbox 415 1949 531 2011; x_wconf 81' lang='lat' dir='ltr'>referri</span> <span class='ocrx_word' id='word_1_102' title='bbox 545 1956 663 2029; x_wconf 86' lang='lat' dir='ltr'>potest.</span> <span class='ocrx_word' id='word_1_103' title='bbox 687 1946 754 2011; x_wconf 90' lang='lat' dir='ltr'>Cur</span> <span class='ocrx_word' id='word_1_104' title='bbox 769 1949 911 2029; x_wconf 88' lang='lat' dir='ltr'>tandem,</span> <span class='ocrx_word' id='word_1_105' title='bbox 929 1965 1052 2028; x_wconf 83' lang='lat' dir='ltr'>quaes0,</span> <span class='ocrx_word' id='word_1_106' title='bbox 1071 1947 1099 2009; x_wconf 90' lang='lat' dir='ltr'>si</span> <span class='ocrx_word' id='word_1_107' title='bbox 1118 1961 1204 2008; x_wconf 90' lang='lat' dir='ltr'>auno</span> <span class='ocrx_word' id='word_1_108' title='bbox 1298 1986 1301 1992; x_wconf 84' lang='lat'><em>·</em></span> <span class='ocrx_word' id='word_1_109' title='bbox 1350 1989 1354 1997; x_wconf 87' lang='lat'>.</span> <span class='ocrx_word' id='word_1_110' title='bbox 1391 1979 1395 1982; x_wconf 89' lang='lat'><strong>·</strong></span> 
     </span>
    </p>
   </div>
   <div class='ocr_carea' id='block_1_6' title="bbox 196 2052 1293 3883">
    <p class='ocr_par' dir='ltr' id='par_1_7' title="bbox 196 2052 1293 3308">
     <span class='ocr_line' id='line_1_15' title="bbox 197 2052 1202 2144; baseline -0.008 -16"><span class='ocrx_word' id='word_1_111' title='bbox 197 2062 262 2128; x_wconf 82' lang='lat'>346</span> <span class='ocrx_word' id='word_1_112' title='bbox 286 2064 440 2127; x_wconf 85' lang='lat' dir='ltr'>libellum</span> <span class='ocrx_word' id='word_1_113' title='bbox 465 2062 604 2140; x_wconf 85' lang='lat' dir='ltr'>scriptor</span> <span class='ocrx_word' id='word_1_114' title='bbox 625 2064 858 2144; x_wconf 85' lang='lat' dir='ltr'>composuerit,</span> <span class='ocrx_word' id='word_1_115' title='bbox 881 2052 1030 2125; x_wconf 87' lang='lat' dir='ltr'>omnium</span> <span class='ocrx_word' id='word_1_116' title='bbox 1051 2070 1125 2141; x_wconf 89' lang='lat' dir='ltr'>post</span> <span class='ocrx_word' id='word_1_117' title='bbox 1145 2078 1202 2122; x_wconf 91' lang='lat' dir='ltr'>au·</span> 
     </span>
     <span class='ocr_line' id='line_1_16' title="bbox 198 2153 1203 2260; baseline -0.004 -17"><span class='ocrx_word' id='word_1_118' title='bbox 198 2200 278 2243; x_wconf 90' lang='lat' dir='ltr'>num</span> <span class='ocrx_word' id='word_1_119' title='bbox 301 2177 365 2243; x_wconf 76' lang='lat'>355</span> <span class='ocrx_word' id='word_1_120' title='bbox 392 2187 558 2257; x_wconf 88' lang='lat' dir='ltr'>gestarum</span> <span class='ocrx_word' id='word_1_121' title='bbox 586 2197 697 2241; x_wconf 87' lang='lat' dir='ltr'>rerum</span> <span class='ocrx_word' id='word_1_122' title='bbox 724 2180 884 2241; x_wconf 85' lang='lat' dir='ltr'>memoria</span> <span class='ocrx_word' id='word_1_123' title='bbox 910 2179 1006 2260; x_wconf 87' lang='lat' dir='ltr'>plane</span> <span class='ocrx_word' id='word_1_124' title='bbox 1030 2153 1203 2241; x_wconf 87' lang='lat' dir='ltr'>exanimo</span> 
     </span>
     <span class='ocr_line' id='line_1_17' title="bbox 199 2283 1205 2359; baseline -0.002 0"><span class='ocrx_word' id='word_1_125' title='bbox 199 2283 345 2359; x_wconf 79' lang='lat' dir='ltr'>excidit?</span> <span class='ocrx_word' id='word_1_126' title='bbox 362 2294 431 2358; x_wconf 88' lang='lat' dir='ltr'>Cur</span> <span class='ocrx_word' id='word_1_127' title='bbox 444 2301 556 2357; x_wconf 88' lang='lat' dir='ltr'>vetera</span> <span class='ocrx_word' id='word_1_128' title='bbox 575 2294 636 2356; x_wconf 88' lang='lat' dir='ltr'>illa</span> <span class='ocrx_word' id='word_1_129' title='bbox 650 2304 681 2356; x_wconf 90' lang='lat' dir='ltr'>et</span> <span class='ocrx_word' id='word_1_130' title='bbox 695 2293 832 2356; x_wconf 85' lang='lat' dir='ltr'>obscura</span> <span class='ocrx_word' id='word_1_131' title='bbox 847 2313 885 2355; x_wconf 85' lang='lat' dir='ltr'>ex</span> <span class='ocrx_word' id='word_1_132' title='bbox 901 2294 1049 2356; x_wconf 84' lang='lat' dir='ltr'>Arcadiae</span> <span class='ocrx_word' id='word_1_133' title='bbox 1066 2295 1205 2357; x_wconf 85' lang='lat' dir='ltr'>historia</span> 
     </span>
     <span class='ocr_line' id='line_1_18' title="bbox 200 2410 1206 2493; baseline -0.001 -19"><span class='ocrx_word' id='word_1_134' title='bbox 200 2414 373 2492; x_wconf 85' lang='lat' dir='ltr'>desumpta</span> <span class='ocrx_word' id='word_1_135' title='bbox 402 2411 552 2493; x_wconf 83' lang='lat' dir='ltr'>exempla</span> <span class='ocrx_word' id='word_1_136' title='bbox 575 2410 716 2491; x_wconf 85' lang='lat' dir='ltr'>colligit,</span> <span class='ocrx_word' id='word_1_137' title='bbox 747 2429 822 2472; x_wconf 92' lang='lat' dir='ltr'>cum</span> <span class='ocrx_word' id='word_1_138' title='bbox 846 2418 892 2472; x_wconf 93' lang='lat' dir='ltr'>tot</span> <span class='ocrx_word' id='word_1_139' title='bbox 916 2410 1054 2472; x_wconf 87' lang='lat' dir='ltr'>clariora</span> <span class='ocrx_word' id='word_1_140' title='bbox 1082 2410 1206 2473; x_wconf 84' lang='lat' dir='ltr'>auxilia</span> 
     </span>
     <span class='ocr_line' id='line_1_19' title="bbox 200 2524 1205 2615; baseline 0 -25"><span class='ocrx_word' id='word_1_141' title='bbox 200 2530 336 2592; x_wconf 83' lang='lat' dir='ltr'>Euboeis</span> <span class='ocrx_word' id='word_1_142' title='bbox 361 2524 455 2614; x_wconf 79' lang='lat'>(350)</span> <span class='ocrx_word' id='word_1_143' title='bbox 483 2529 536 2591; x_wconf 88' lang='lat' dir='ltr'>vel</span> <span class='ocrx_word' id='word_1_144' title='bbox 562 2527 733 2608; x_wconf 79' lang='lat' dir='ltr'>Olynthiis</span> <span class='ocrx_word' id='word_1_145' title='bbox 757 2525 852 2615; x_wconf 82' lang='lat'>(348)</span> <span class='ocrx_word' id='word_1_146' title='bbox 880 2531 920 2592; x_wconf 86' lang='lat' dir='ltr'>ab</span> <span class='ocrx_word' id='word_1_147' title='bbox 943 2529 1205 2592; x_wconf 84' lang='lat' dir='ltr'>Atheniensibus</span> 
     </span>
     <span class='ocr_line' id='line_1_20' title="bbox 196 2631 1293 2731; baseline 0.001 -25"><span class='ocrx_word' id='word_1_148' title='bbox 196 2631 267 2707; x_wconf 91' lang='lat' dir='ltr'>lata</span> <span class='ocrx_word' id='word_1_149' title='bbox 285 2644 418 2708; x_wconf 89' lang='lat' dir='ltr'>silentio</span> <span class='ocrx_word' id='word_1_150' title='bbox 432 2641 679 2725; x_wconf 81' lang='lat' dir='ltr'>praetermittat?</span> <span class='ocrx_word' id='word_1_151' title='bbox 700 2645 751 2707; x_wconf 90' lang='lat' dir='ltr'>Ne</span> <span class='ocrx_word' id='word_1_152' title='bbox 765 2646 940 2708; x_wconf 87' lang='lat' dir='ltr'>contendet</span> <span class='ocrx_word' id='word_1_153' title='bbox 959 2644 1206 2726; x_wconf 81' lang='lat' dir='ltr'>Holzapielius¹</span> <span class='ocrx_word' id='word_1_154' title='bbox 1282 2713 1293 2731; x_wconf 30' lang='lat'><strong>³</strong></span> 
     </span>
     <span class='ocr_line' id='line_1_21' title="bbox 203 2759 1206 2841; baseline 0 -21"><span class='ocrx_word' id='word_1_155' title='bbox 203 2760 258 2821; x_wconf 89' lang='lat' dir='ltr'>hic</span> <span class='ocrx_word' id='word_1_156' title='bbox 269 2777 398 2839; x_wconf 87' lang='lat' dir='ltr'>quoque</span> <span class='ocrx_word' id='word_1_157' title='bbox 408 2761 556 2822; x_wconf 86' lang='lat' dir='ltr'>obscuris</span> <span class='ocrx_word' id='word_1_158' title='bbox 566 2761 675 2822; x_wconf 89' lang='lat' dir='ltr'>verbis</span> <span class='ocrx_word' id='word_1_159' title='bbox 685 2760 742 2821; x_wconf 93' lang='lat' dir='ltr'>sed</span> <span class='ocrx_word' id='word_1_160' title='bbox 753 2760 939 2824; x_wconf 87' lang='lat' dir='ltr'>clarissimo</span> <span class='ocrx_word' id='word_1_161' title='bbox 951 2761 1128 2824; x_wconf 89' lang='lat' dir='ltr'>modoloco</span> <span class='ocrx_word' id='word_1_162' title='bbox 1138 2759 1206 2841; x_wconf 92' lang='lat' dir='ltr'>III,</span> 
     </span>
     <span class='ocr_line' id='line_1_22' title="bbox 203 2873 1207 2956; baseline 0.001 -19"><span class='ocrx_word' id='word_1_163' title='bbox 203 2873 234 2956; x_wconf 87' lang='lat'>8,</span> <span class='ocrx_word' id='word_1_164' title='bbox 254 2876 478 2954; x_wconf 83' lang='lat' dir='ltr'>expeditiones</span> <span class='ocrx_word' id='word_1_165' title='bbox 493 2875 571 2936; x_wconf 90' lang='lat' dir='ltr'>illas</span> <span class='ocrx_word' id='word_1_166' title='bbox 587 2876 782 2953; x_wconf 53' lang='lat' dir='ltr'>significari,</span> <span class='ocrx_word' id='word_1_167' title='bbox 800 2877 837 2938; x_wconf 90' lang='lat' dir='ltr'>Si</span> <span class='ocrx_word' id='word_1_168' title='bbox 854 2879 972 2956; x_wconf 89' lang='lat' dir='ltr'>scripta</span> <span class='ocrx_word' id='word_1_169' title='bbox 992 2876 1139 2954; x_wconf 87' lang='lat' dir='ltr'>intelligi</span> <span class='ocrx_word' id='word_1_170' title='bbox 1154 2893 1207 2938; x_wconf 91' lang='lat' dir='ltr'>ve-</span> 
     </span>
     <span class='ocr_line' id='line_1_23' title="bbox 203 2987 1208 3071; baseline 0.003 -21"><span class='ocrx_word' id='word_1_171' title='bbox 203 2988 254 3071; x_wconf 90' lang='lat' dir='ltr'>lit,</span> <span class='ocrx_word' id='word_1_172' title='bbox 271 2987 491 3066; x_wconf 86' lang='lat' dir='ltr'>intelligenda</span> <span class='ocrx_word' id='word_1_173' title='bbox 505 2989 889 3053; x_wconf 83' lang='lat' dir='ltr'>scribatauctorneccssc</span> <span class='ocrx_word' id='word_1_174' title='bbox 905 3001 973 3054; x_wconf 91' lang='lat' dir='ltr'>est:</span> <span class='ocrx_word' id='word_1_175' title='bbox 993 3011 1122 3056; x_wconf 90' lang='lat' dir='ltr'>neouos</span> <span class='ocrx_word' id='word_1_176' title='bbox 1139 3009 1208 3055; x_wconf 88' lang='lat' dir='ltr'>cer-</span> 
     </span>
     <span class='ocr_line' id='line_1_24' title="bbox 204 3107 1210 3188; baseline 0.005 -23"><span class='ocrx_word' id='word_1_177' title='bbox 204 3112 312 3167; x_wconf 87' lang='lat' dir='ltr'>tarum</span> <span class='ocrx_word' id='word_1_178' title='bbox 325 3123 436 3167; x_wconf 89' lang='lat' dir='ltr'>rerum</span> <span class='ocrx_word' id='word_1_179' title='bbox 454 3107 802 3168; x_wconf 80' lang='lat' dir='ltr'>commemorationem</span> <span class='ocrx_word' id='word_1_180' title='bbox 811 3109 895 3170; x_wconf 86' lang='lat' dir='ltr'>fictis</span> <span class='ocrx_word' id='word_1_181' title='bbox 910 3108 1089 3172; x_wconf 86' lang='lat' dir='ltr'>rationibus</span> <span class='ocrx_word' id='word_1_182' title='bbox 1106 3120 1137 3171; x_wconf 88' lang='lat' dir='ltr'>et</span> <span class='ocrx_word' id='word_1_183' title='bbox 1152 3127 1210 3188; x_wconf 90' lang='lat' dir='ltr'>per</span> 
     </span>
     <span class='ocr_line' id='line_1_25' title="bbox 204 3220 1133 3308; baseline 0.006 -28"><span class='ocrx_word' id='word_1_184' title='bbox 204 3220 415 3300; x_wconf 77' lang='lat' dir='ltr'>hypothesim</span> <span class='ocrx_word' id='word_1_185' title='bbox 433 3223 661 3298; x_wconf 85' lang='lat' dir='ltr'>e·c0gitatione</span> <span class='ocrx_word' id='word_1_186' title='bbox 677 3223 878 3308; x_wconf 80' lang='lat' dir='ltr'>depromptis</span> <span class='ocrx_word' id='word_1_187' title='bbox 894 3241 1133 3305; x_wconf 84' lang='lat' dir='ltr'>praeponemus.</span> 
     </span>
    </p>

    <p class='ocr_par' dir='ltr' id='par_1_8' title="bbox 206 3335 1214 3883">
     <span class='ocr_line' id='line_1_26' title="bbox 250 3335 1210 3421; baseline 0.003 -24"><span class='ocrx_word' id='word_1_188' title='bbox 250 3336 310 3397; x_wconf 88' lang='lat' dir='ltr'>llis</span> <span class='ocrx_word' id='word_1_189' title='bbox 327 3335 479 3397; x_wconf 89' lang='lat' dir='ltr'>omnihus</span> <span class='ocrx_word' id='word_1_190' title='bbox 492 3338 591 3400; x_wconf 89' lang='lat' dir='ltr'>rebus</span> <span class='ocrx_word' id='word_1_191' title='bbox 602 3338 862 3421; x_wconf 87' lang='lat' dir='ltr'>circumspectis,</span> <span class='ocrx_word' id='word_1_192' title='bbox 875 3339 966 3402; x_wconf 90' lang='lat' dir='ltr'>nullo</span> <span class='ocrx_word' id='word_1_193' title='bbox 982 3340 1210 3419; x_wconf 85' lang='lat' dir='ltr'>pactoadPhi-</span> 
     </span>
     <span class='ocr_line' id='line_1_27' title="bbox 206 3452 1210 3535; baseline 0.004 -22"><span class='ocrx_word' id='word_1_194' title='bbox 206 3452 382 3515; x_wconf 87' lang='lat' dir='ltr'>locrateam</span> <span class='ocrx_word' id='word_1_195' title='bbox 391 3471 505 3533; x_wconf 88' lang='lat' dir='ltr'>pacem</span> <span class='ocrx_word' id='word_1_196' title='bbox 515 3455 793 3534; x_wconf 86' lang='lat' dir='ltr'>ancipiteslibelli</span> <span class='ocrx_word' id='word_1_197' title='bbox 804 3457 908 3518; x_wconf 87' lang='lat' dir='ltr'>nostri</span> <span class='ocrx_word' id='word_1_198' title='bbox 917 3455 1106 3517; x_wconf 81' lang='lat' dir='ltr'>locireierri</span> <span class='ocrx_word' id='word_1_199' title='bbox 1114 3473 1210 3535; x_wconf 88' lang='lat' dir='ltr'>posse</span> 
     </span>
     <span class='ocr_line' id='line_1_28' title="bbox 206 3566 1211 3654; baseline 0.001 -22"><span class='ocrx_word' id='word_1_200' title='bbox 206 3569 387 3632; x_wconf 89' lang='lat' dir='ltr'>videntur:</span> <span class='ocrx_word' id='word_1_201' title='bbox 415 3576 446 3632; x_wconf 89' lang='lat' dir='ltr'>et</span> <span class='ocrx_word' id='word_1_202' title='bbox 460 3572 662 3649; x_wconf 86' lang='lat' dir='ltr'>Hagenianae</span> <span class='ocrx_word' id='word_1_203' title='bbox 683 3573 865 3654; x_wconf 86' lang='lat' dir='ltr'>sententiae,</span> <span class='ocrx_word' id='word_1_204' title='bbox 889 3571 942 3634; x_wconf 90' lang='lat' dir='ltr'>vel</span> <span class='ocrx_word' id='word_1_205' title='bbox 962 3572 1054 3634; x_wconf 91' lang='lat' dir='ltr'>novis</span> <span class='ocrx_word' id='word_1_206' title='bbox 1073 3566 1211 3650; x_wconf 89' lang='lat' dir='ltr'>Holzap·</span> 
     </span>
     <span class='ocr_line' id='line_1_29' title="bbox 206 3684 1214 3770; baseline 0.006 -26"><span class='ocrx_word' id='word_1_207' title='bbox 206 3684 280 3747; x_wconf 84' lang='lat' dir='ltr'>felii</span> <span class='ocrx_word' id='word_1_208' title='bbox 299 3688 504 3762; x_wconf 88' lang='lat' dir='ltr'>argumentis</span> <span class='ocrx_word' id='word_1_209' title='bbox 524 3689 749 3770; x_wconf 81' lang='lat' dir='ltr'>corroboratae,</span> <span class='ocrx_word' id='word_1_210' title='bbox 766 3687 859 3750; x_wconf 91' lang='lat' dir='ltr'>nullo</span> <span class='ocrx_word' id='word_1_211' title='bbox 874 3687 971 3749; x_wconf 91' lang='lat' dir='ltr'>modo</span> <span class='ocrx_word' id='word_1_212' title='bbox 986 3687 1136 3749; x_wconf 89' lang='lat' dir='ltr'>videmus</span> <span class='ocrx_word' id='word_1_213' title='bbox 1155 3707 1214 3751; x_wconf 90' lang='lat' dir='ltr'>cur</span> 
     </span>
     <span class='ocr_line' id='line_1_30' title="bbox 209 3801 1214 3883; baseline 0.003 -21"><span class='ocrx_word' id='word_1_214' title='bbox 209 3801 440 3863; x_wconf 84' lang='lat' dir='ltr'>assentiamur.</span> <span class='ocrx_word' id='word_1_215' title='bbox 450 3801 541 3864; x_wconf 71' lang='lat' dir='ltr'>&#39;Cum</span> <span class='ocrx_word' id='word_1_216' title='bbox 560 3805 661 3880; x_wconf 90' lang='lat' dir='ltr'>igitur</span> <span class='ocrx_word' id='word_1_217' title='bbox 675 3804 729 3865; x_wconf 91' lang='lat' dir='ltr'>his</span> <span class='ocrx_word' id='word_1_218' title='bbox 744 3805 839 3865; x_wconf 74' lang='lat' dir='ltr'>antris</span> <span class='ocrx_word' id='word_1_219' title='bbox 851 3803 943 3866; x_wconf 88' lang='lat' dir='ltr'>nulla</span> <span class='ocrx_word' id='word_1_220' title='bbox 957 3803 1060 3865; x_wconf 85' lang='lat' dir='ltr'>altera</span> <span class='ocrx_word' id='word_1_221' title='bbox 1073 3821 1135 3883; x_wconf 86' lang='lat' dir='ltr'>pax</span> <span class='ocrx_word' id='word_1_222' title='bbox 1149 3803 1214 3865; x_wconf 89' lang='lat' dir='ltr'>iota</span> 
     </span>
    </p>
   </div>
   <div class='ocr_carea' id='block_1_7' title="bbox 251 4049 653 4116">
    <p class='ocr_par' dir='ltr' id='par_1_9' title="bbox 251 4049 653 4116">
     <span class='ocr_line' id='line_1_31' title="bbox 251 4049 653 4116; baseline 0.005 -17"><span class='ocrx_word' id='word_1_223' title='bbox 251 4049 397 4113; x_wconf 71' lang='lat' dir='ltr'>irruat,</span> <span class='ocrx_word' id='word_1_224' title='bbox 412 4064 437 4116; x_wconf 82' lang='lat' dir='ltr'>p.</span> <span class='ocrx_word' id='word_1_225' title='bbox 454 4052 513 4113; x_wconf 83' lang='lat' dir='ltr'>res,</span> <span class='ocrx_word' id='word_1_226' title='bbox 530 4053 588 4102; x_wconf 81' lang='lat' dir='ltr'>aar.</span> <span class='ocrx_word' id='word_1_227' title='bbox 652 4090 653 4093; x_wconf 63' lang='lat'>,</span> 
     </span>
    </p>
   </div>
   <div class='ocr_carea' id='block_1_8' title="bbox 0 0 1427 4980">
    <p class='ocr_par' dir='ltr' id='par_1_10' title="bbox 0 0 1427 4980">
     <span class='ocr_line' id='line_1_32' title="bbox 0 0 1427 4980; baseline 0 0"><span class='ocrx_word' id='word_1_228' title='bbox 0 0 1427 4980; x_wconf 95' lang='lat' dir='ltr'> </span> 
     </span>
    </p>
   </div>
  </div>
 </body>
</html>
