2798 4980
595 432 813 496 ..20-

203 577 390 655 Gleiuigeri
428 578 665 658 Zurborgiiquo
699 576 984 638 dissertationibus
1015 592 1056 637 ne
1085 585 1211 638 motam

202 694 337 774 quidem
368 694 471 757 luisse
509 695 653 772 Hagenii
686 690 909 774 opinionem¹,
939 703 1210 770 argumentorum

201 811 326 873 seriem
352 812 380 874 si
405 829 466 874 nos
490 828 621 890 quoque
643 810 739 872 liceat
754 810 897 872 brevitor
915 827 1123 895 percensere,
1140 828 1209 875 non

202 936 267 989 tarn
283 928 370 990 male
385 929 471 990 inter
486 946 520 990 se
537 927 711 990 convenire
726 927 808 990 duos
823 928 859 988 in
874 927 1130 1007 disputationem
1153 947 1208 992 vo-

200 1049 289 1104 catos
306 1041 395 1106 locos
412 1045 593 1123 apparebit.
611 1043 685 1107 Non
700 1016 796 1106 'idem
820 1043 986 1106 redituum
1008 1063 1111 1122 genus
1126 1046 1207 1108 duo-

200 1157 578 1238 buslocissignificatur.
589 1159 652 1222 Hic
663 1158 1208 1241 V,]2con1nremoranturpublicae

201 1273 344 1336 civitatis
359 1275 507 1354 pecuniae
525 1284 635 1354 pacato
651 1276 733 1337 mari
748 1282 852 1337 auctae
870 1296 877 1337 :
896 1292 995 1355 quem
1010 1284 1208 1355 proventum

200 1405 217 1450 o
235 1391 433 1453 commercio
448 1391 584 1472 reiecto,
602 1410 640 1452 ex
666 1389 856 1472 inquilinis,
882 1391 1132 1473 mercatoribus,
1150 1410 1208 1471 pe·

198 1504 406 1585 regrinisque
437 1525 550 1568 rursus
580 1506 729 1568 Athenas
764 1505 1003 1568 confluentibus
1034 1507 1110 1585 quis
1137 1524 1209 1570 non

198 1620 384 1698 perspicere
411 1629 534 1703 posset,
565 1622 743 1683 dummodo
773 1624 858 1684 inter
887 1622 1007 1685 factam
1035 1639 1149 1702 pacem
1174 1630 1208 1685 et

198 1741 326 1814 tempus
351 1754 414 1815 quo
448 1735 582 1800 libellus
610 1737 816 1817 conscriptus
845 1738 886 1800 sit
916 1737 1044 1817 aliquos
1072 1754 1207 1800 menses

196 1847 420 1912 intercessisse
441 1848 637 1914 existimes?
658 1852 746 1931 quod
769 1851 996 1933 intervallum,
1020 1853 1051 1913 si
1073 1852 1207 1914 ultimis

196 1966 273 2026 anni
291 1962 488 2034 sonuimus
505 1968 689 2030 confectum
714 1966 868 2030 libellum
893 1976 1043 2030 nostrum
1066 1975 1204 2051 statuas,

195 2100 249 2145 scx
274 2101 374 2163 prope
399 2082 569 2144 mensibus
592 2084 703 2144 minus
722 2101 790 2145 non
813 2084 975 2146 invenias.
991 2083 1052 2164 lV,
1068 2080 1113 2148 40
1126 2101 1205 2146 con-

188 2200 243 2261 tra
257 2217 324 2262 non
339 2200 449 2262 aerarii
466 2199 524 2261 sed
539 2200 740 2278 privatorum
752 2207 877 2276 egestas
889 2200 1105 2280 significatur,
1120 2216 1205 2279 qttos

194 2324 343 2378 exactum
369 2315 497 2378 bellum
519 2315 718 2378 tributorum
739 2314 885 2396 pondere
907 2315 987 2378 adeo
1010 2313 1150 2396 attrivit,
1166 2325 1205 2378 ut
1249 2282 1257 2299 ’

193 2451 235 2494 ne
259 2431 423 2495 tantulum
452 2431 585 2512 quidem
611 2431 754 2512 publicis
774 2430 972 2493 utilitatibus
992 2431 1205 2494 contribuere

191 2548 332 2627 possint.
352 2546 438 2610 Cum
463 2547 566 2626 igitur
587 2549 628 2609 ad
648 2545 849 2626 perficienda
869 2547 1036 2626 scriptoris
1059 2545 1204 2609 consilia

194 2661 1206 2749 solitaedeficiantaiopopal,neinanestamenmaneantsplen-

193 2777 278 2840 didae
293 2780 436 2841 auctoris
446 2778 718 2861 pollicitationes,
738 2779 860 2841 civium
871 2778 990 2859 iuopiae
1005 2780 1053 2839 ita
1069 2795 1205 2840 succur-

197 2912 269 2955 rere
285 2892 401 2956 voluit.
420 2892 510 2956 Belli
524 2900 671 2974 tempore
690 2901 815 2956 certum
829 2893 964 2974 quidem
978 2893 1121 2972 pretium
1131 2911 1205 2955 vec-

195 3010 312 3087 tigalia
334 3009 561 3093 reddiderunt,
580 3029 617 3072 ex
635 3028 711 3091 qu0,
733 3009 1069 3090 quantulumcumque
1085 3009 1202 3093 luerit,

194 3123 422 3186 administrari
439 3134 549 3186 tamen
563 3125 671 3205 potuit
682 3123 883 3204 respublica:
900 3140 1000 3206 nunc,
1013 3124 1098 3185 facta
1107 3141 1203 3207 pace,

196 3240 311 3302 eadem
339 3243 477 3320 pecunia
506 3243 532 3302 si
571 3241 687 3304 civitas
716 3240 975 3322 administretur,
1007 3240 1036 3301 si
1069 3248 1203 3320 sumptu

194 3374 292 3436 quarn
309 3357 449 3417 minimo
466 3355 611 3435 publicis
625 3355 883 3418 necessitatibus·
895 3356 1116 3437 provideatur,
1133 3372 1204 3418 non
1282 3383 1284 3386 ⁴

196 3470 346 3553 deerunt,
366 3489 440 3533 cum
458 3471 529 3533 sine
546 3471 645 3533 dubio
662 3471 751 3552 pacis
768 3478 911 3551 tempore
925 3470 1050 3533 reditus
1059 3487 1202 3548 augean-

194 3594 258 3668 tur,
286 3595 375 3649 certa
397 3585 572 3664 vectigalia
596 3604 668 3665 quae
694 3587 734 3648 ad
757 3586 926 3665 scriptoris
950 3585 1090 3648 consilia
1104 3587 1201 3665 perfi-

196 3700 313 3762 cienda
329 3701 498 3764 adhibeas.
516 3700 725 3764 Conveniunt
739 3701 842 3779 igitur
862 3701 986 3779 optime
1000 3703 1088 3763 inter
1102 3719 1136 3763 se
1155 3702 1169 3762 l
1188 3737 1201 3750 ·

191 3819 275 3880 nrosi
294 3806 358 3880 duo
373 3817 451 3899 loci,
468 3818 592 3880 nedum
607 3816 688 3880 alter
702 3816 798 3880 alteri
812 3826 982 3898 repugnet.

197 3969 380 3980 —-..-.

229 4067 250 4116 t.
267 4063 376 4127 ratior,
394 4077 418 4129 p.
434 4065 495 4118 atr.
