2798 4980
588 406 809 470 „39-

193 561 354 641 zapfelius
371 560 499 625 nullam
514 569 586 640 post
597 562 724 625 ‘sociale
740 561 867 624 bellum
883 564 1047 626 sociorum
1062 563 1204 625 vexatio-

108 743 111 750 ,
196 676 295 739 uibus
316 677 417 739 tinem
438 677 627 758 impositam
645 676 762 758 fuisse,
784 676 1107 758 ,Atheniensiumque
1123 697 1204 758 prae-

196 797 304 854 turum
319 792 492 855 avaritiam
506 809 567 855 nec
583 791 704 856 insulis
720 809 781 854 nec
795 792 984 855 civitatibus
1004 794 1202 873 pepercisse.

189 906 388 987 «speciosius
412 906 481 969 haec
500 924 598 987 quam
618 905 729 968 verius
750 907 837 970 dicta
856 905 940 968 mihi
961 907 1126 971 videntur.
1150 907 1203 968 In-

197 1032 321 1084 certum
335 1022 443 1085 adhuc
457 1030 568 1084 manet
582 1040 655 1103 quae
678 1024 828 1103 pecuniae
847 1031 921 1102 post
940 1023 1062 1085 sociale
1077 1022 1205 1086 bellum

195 1136 235 1199 ab
249 1138 388 1218 reliquis
404 1139 504 1201 sociis
521 1139 742 1221 exigerentur,
765 1157 826 1200 nec
849 1139 928 1201 satis
943 1139 1049 1219 liquet
1066 1139 1206 1202 0111·Βο-

193 1254 379 1317 mosthenis
395 1254 587 1329 testimonio
603 1254 782 1336 diffidatur,
799 1255 858 1335 qui
873 1273 958 1337 anno
974 1251 1039 1317 355
1055 1256 1202 1336 quinque

193 1379 225 1432 et
252 1372 466 1449 quadraginta
488 1378 617 1433 tautum
641 1370 763 1433 talenta
788 1370 898 1434 soluta
920 1371 1025 1433 luisse
1052 1371 1201 1435 asserit¹.

193 1487 288 1549 Adde
304 1488 493 1550 vexationes
514 1488 591 1550 illas
612 1488 653 1549 ab
672 1487 880 1567 Holzapfelio
900 1489 1038 1568 Jactatas
1060 1488 1101 1550 ad
1122 1497 1204 1551 trac·

196 1612 294 1667 latam
309 1607 525 1683 quaestionem
539 1605 651 1667 minus
666 1590 847 1689 pertinere,¹
862 1622 938 1666 cum
957 1606 1127 1682 sexaginta
1143 1606 1204 1677 illa

195 1720 335 1802 talenta,
363 1721 423 1782 sub
447 1721 562 1783 tributi
586 1719 721 1783 nomine
746 1718 1006 1781 Atheniensium
1028 1730 1204 1799 praetorum

134 1842 137 1848 “
196 1836 332 1896 avaritia
347 1833 489 1915 exacta²,
506 1852 582 1897 cum
597 1833 750 1911 legitima
770 1834 966 1895 tributorum
987 1835 1098 1898 tabula
1116 1836 1204 1899 nihil

199 1965 374 2011 commune
403 1948 555 2009 habeant.
581 1947 675 2009 Adde
699 1956 827 2009 vexatos
849 1946 926 2009 illos
950 1947 1056 2010 socios
1074 1948 1143 2028 J‘am
1164 1949 1205 2011 ab

197 2080 284 2124 anno
307 2060 373 2124 354
393 2062 434 2129 ad
456 2062 713 2124 Atheniensium
734 2063 1086 2150 amicitiamreversos
1109 2082 1116 2123 :
1141 2072 1204 2126 tes-

197 2187 282 2240 tatur
302 2178 542 2240 Demosthenes
566 2186 598 2240 et
618 2178 722 2242 Chios
742 2186 774 2240 et
795 2177 970 2258 Byzantios
991 2185 1023 2240 et
1043 2177 1201 2260 Rhodios,

195 2301 368 2373 postquam
392 2292 544 2355 Athenas
564 2293 653 2370 bello
676 2293 862 2374 petiissent,
885 2291 983 2372 paulo
1006 2301 1077 2370 post
1099 2293 1202 2356 solam

196 2408 314 2471 salutis
337 2426 404 2470 suae
432 2410 584 2488 spemin
612 2409 693 2489 ipsis
722 2406 985 2469 Atheniensibus
1009 2426 1122 2469 rursus
1147 2426 1201 2487 po·

194 2523 336 2587 suisse⁸.
353 2524 447 2586 Adde
462 2524 534 2603 ipso
554 2541 640 2585 anno
660 2519 724 2584 346
745 2523 852 2585 socios
874 2521 1089 2586 Philocrateae
1108 2524 1201 2603 pacis

195 2639 372 2718 participes
387 2622 458 2701 esse
472 2638 630 2718 voluisse,
647 2638 769 2721 nedum
784 2637 1048 2700 Atheniensibus
1067 2655 1200 2700 succen-

196 2755 335 2816 serent⁴.
352 2753 446 2816 Adde
468 2753 599 2817 tandem
620 2752 707 2815 haud
729 2753 829 2816 facile
850 2753 994 2831 intelligi
1013 2771 1107 2834 posse
1128 2772 1197 2838 cur,

195 2867 740 2950 1111110346,01111110110011100011110
752 2844 1200 2950 detrimentarespublicace-

195 2985 291 3066 perit,
309 3002 384 3046 curn
398 3002 561 3055 summam
574 2983 766 3063 reipublicae
778 3001 890 3047 curam
902 2984 1057 3065 Philippo
1072 2986 1199 3048 Boeota'·

194 3077 644 3182 rumquererumconditioni
655 3099 877 3162 adhibendam
887 3118 959 3162 esse
971 3101 1051 3162 satis
1061 3101 1198 3183 liqueat,

195 3223 285 3278 tanto
299 3215 335 3276 in
349 3214 464 3277 libello
478 3222 590 3277 nostro
601 3213 832 3278 insulanorum
843 3216 1047 3299 sollicitudo,
1060 3219 1198 3280 summis

192 3331 384 3412 reipublicae
414 3330 614 3394 utilitatibus
646 3331 796 3412 omissis,
829 3340 989 3394 occurrat.
1020 3331 1209 3395 Difficilius

229 3607 415 3737 labemustbq
436 3611 471 3674 be
492 3609 559 3671 Cor„
583 3610 644 3661 134.
662 3636 696 3646 -
719 3607 755 3661 Gi.
781 3607 895 3673 80113101,
923 3609 941 3671 Ι,
964 3613 1015 3672 28;
1040 3607 1138 3673 Busult,
1154 3624 1197 3674 op.

191 3689 240 3737 lau
262 3727 280 3751 .,
296 3702 322 3753 p.
339 3689 401 3740 131.

227 3777 252 3827 2.
270 3775 362 3840 AEscb.,
379 3777 492 3840 Defuit.
507 3779 569 3841 leq„
588 3779 631 3828 tt.

228 3870 253 3917 3.
268 3865 412 3929 Demosth,
429 3869 462 3916 De
478 3867 556 3918 111011.
574 3866 633 3929 tiu,
653 3868 706 3918 a-t.

228 3954 362 4017 4110011,
380 3958 412 4006 De
428 3957 498 4006 rante
514 3959 580 4018 qest.
601 3956 663 4018 lep,
688 3959 730 4006 60.
752 3955 839 4006 -111,
861 3955 946 4008 loedus
974 3970 1034 4009 cum
1055 3955 1200 4022 blitpleuiis

152 4037 157 4046 ’
193 4029 503 4101 111003-11134610111111.
519 4035 546 4086 C.
564 4037 581 4084 1.
599 4035 638 4096 A,
656 4035 683 4095 11,
706 4036 727 4095 l,
748 4037 807 4086 tut.
1147 4070 1152 4076 κ
