2798 4980
603 823 750 892 CAPUT
775 825 821 890 II.

211 1045 250 1090 DE
267 1043 353 1089 vetto
371 1044 500 1088 LIBELLI
519 1042 638 1088 NOSTRI
654 1041 808 1086 rauroutt
825 1041 903 1093 outo
913 1041 1133 1086 STATUENDUM
1150 1043 1216 1088 atr.

257 1280 331 1344 Non
350 1279 446 1343 nobis
461 1281 496 1341 in
522 1280 633 1342 animo
657 1290 704 1342 est
726 1279 870 1357 Hagenii
889 1280 1062 1342 sententia
1082 1279 1220 1357 longius

211 1397 381 1460 immorari
398 1404 429 1459 et
441 1397 529 1460 docti
544 1396 608 1459 viri
624 1396 914 1476 existimationem,
933 1393 1122 1475 Gleinigeri
1137 1398 1219 1460 Zur·

210 1513 383 1592 borgiique
410 1510 699 1574 dissertationibus
716 1509 786 1590 jam
801 1504 880 1573 satis
897 1512 1083 1592 refutatam,
1100 1530 1219 1574 rursus

210 1629 246 1689 in
261 1610 535 1707 disceptationem
549 1644 677 1688 vocare.
696 1625 894 1705 Holzapielii
904 1627 1011 1704 potius
1024 1635 1220 1705 argumenta

209 1761 401 1825 percensere
423 1760 484 1805 nos
509 1743 620 1823 liceat,
651 1742 720 1825 qui,
752 1759 827 1803 eum
859 1742 1062 1819 Hagenianae
1087 1742 1220 1822 conjec-

210 1870 290 1922 turae
305 1859 518 1922 acutissImus
533 1864 565 1919 et
579 1857 862 1936 pertinacissimus
875 1858 1027 1919 defensor
1041 1860 1216 1943 exstiterit,

112 2024 115 2030 .
211 1985 274 2036 tam
290 1983 417 2045 certum
431 1972 471 2034 de
487 1973 669 2052 quaestione
688 1973 857 2035 oraculum
880 1973 1024 2034 edidisse
1045 1973 1109 2036 sibi
1126 1973 1217 2037 visus

211 2098 272 2172 est,
289 2099 381 2152 utne
398 2089 626 2151 controversia
647 2089 782 2168 quidem
802 2089 913 2152 Iocum
933 2089 1103 2153 serva1·et¹.
1126 2090 1218 2164 Quid

212 2207 251 2267 de
266 2205 439 2268 audaciore
460 2204 520 2266 illa
541 2204 697 2283 opinione
718 2203 934 2284 judicandum
960 2205 1013 2287 sit,
1039 2205 1152 2284 paucis
1169 2207 1216 2267 vi-

213 2320 347 2383 deamus
368 2328 435 2402 ret,
457 2338 500 2383 ne
514 2337 646 2400 aequum
670 2326 834 2381 certamen
856 2337 1008 2382 recusare
1030 2321 1232 2402 videamur,-

210 2437 331 2520 quibus
346 2435 529 2522 rationibus
544 2436 585 2497 ad
600 2434 686 2497 hanc
701 2435 978 2498 existimationem
988 2432 1216 2514 Holzapielius

210 2553 370 2614 adductus
385 2552 441 2631 sit,
458 2551 601 2630 primum
616 2549 907 2629 perscrutabimur.

255 2666 275 2726 J
277 2684 330 2727 am
344 2672 634 2727 commemoratum
649 2651 792 2741 Hageuii
801 2671 1041 2746 argumentum,
1054 2681 1117 2743 quo
1128 2682 1216 2727 eam·

211 2781 286 2842 dem
315 2798 428 2860 paoem
451 2778 533 2842 locis
563 2779 605 2860 V,
632 2777 672 2840 12
696 2788 728 2842 et
759 2779 819 2861 IV,
844 2777 888 2842 40
914 2778 1095 2856 significari
1118 2797 1216 2857 nega-

209 2896 275 2978 bat,
298 2894 522 2974 Holzapielius
544 2895 579 2955 iu
603 2893 711 2958 lucem
733 2895 906 2957 revocavit.
929 2892 1014 2956 Cum
1036 2895 1091 2956 hic
1113 2894 1154 2977 V,
1175 2893 1216 2969 12

183 3080 186 3085 Q
210 3010 402 3091 reipublicae
417 3026 507 3097 opes,
525 3008 611 3072 bello
629 3011 813 3090 exhaustas,
826 3009 897 3090 J'am
907 3025 984 3070 vero
996 3017 1106 3088 pacato
1116 3010 1213 3090 mari,

212 3147 324 3190 rursus
348 3135 457 3189 auctas
484 3144 556 3188 esse
582 3122 775 3212 (ηὖξημένας
797 3150 832 3191 τε
850 3121 912 3202 τὰς
933 3121 1123 3211 προσόδους),
1141 3125 1215 3187 illic

213 3244 270 3328 IV,
288 3242 332 3306 40
347 3250 459 3306 exacto
474 3242 563 3305 bello
576 3238 838 3304 Atheniensium
858 3259 1020 3304 summam
1039 3249 1214 3319 egestatem

210 3356 333 3422 notari²
351 3367 382 3421 et
396 3358 570 3420 meliorem
586 3358 694 3419 aerarii
709 3363 830 3418 statum
845 3357 878 3416 in
891 3356 1076 3434 proximum
1092 3373 1215 3418 annum

210 3475 373 3537 reservari
387 3474 573 3553 existimet,
591 3491 666 3535 cum
684 3472 738 3535 hic
757 3472 836 3535 facti
861 3481 983 3534 sertam
1004 3472 1116 3554 fidem,
1141 3471 1215 3535 illic

212 3608 303 3669 spem
320 3595 445 3651 tantum
461 3588 582 3651 habere
598 3588 739 3667 scriptor
755 3587 916 3667 videatur,
940 3586 982 3648 ad
996 3588 1145 3649 eamdem
1159 3605 1213 3667 pa·

249 3815 272 3864 1.
289 3812 396 3873 ratior,
413 3826 440 3875 p.
456 3812 517 3872 rat,
535 3813 594 3862 aas.

247 3905 271 3954 2.
290 3903 350 3961 Quae
365 3890 507 3963 ragentes,
525 3898 613 3950 locum
630 3895 667 3960 IV,
690 3900 724 3951 to
743 3897 812 3949 malo
832 3897 1030 3963 interpretatus
1046 3899 1078 3950 de
1092 3898 1214 3963 pecunIis

210 3994 269 4046 quse
284 3994 317 4032 ex
332 3979 497 4044 temporibus
511 3982 572 4031 ante
587 3978 681 4029 iactam
696 3992 788 4043 pacem
803 3977 831 4029 In
845 3978 937 4030 aerarIo
952 3982 1126 4044 superessent
1140 3979 1215 4030 dire*

209 4062 256 4120 rat,
274 4056 449 4123 Holtapielius
463 4057 540 4110 tacite
556 4057 679 4109 correrii.
