2798 4980
586 422 807 486 ..44-

193 576 325 628 centum
341 566 540 629 talentorum
556 567 695 648 pecunia
711 583 797 629 anuo
812 562 877 628 354
892 567 1052 631 mulctare
1068 581 1200 650 posset:

192 683 250 745 sed
270 681 451 762 Iphicrates
472 679 750 760 Menestheusque
773 681 886 761 populi
907 682 1036 762 Judicio
1056 685 1204 750 absoluti

193 804 305 875 erant,
327 804 359 858 et
378 797 445 875 jam
467 797 615 876 proximo
629 814 728 877 anno,
744 797 847 859 invito
868 796 1121 882 Aristophonte,
1141 819 1203 881 pax

195 931 271 975 cum
295 913 394 975 sociis
417 914 481 974 icta
504 931 622 976 novam
641 911 832 992 reipublicae
854 912 1084 996 disciplinam,
1107 933 1203 979 novae

194 1027 345 1090 factionis
376 1045 461 1109 spes,
494 1046 577 1091 nova
605 1027 720 1108 populi
745 1028 855 1090 studia
883 1029 1057 1092 manifeste
1086 1037 1204 1094 testata

195 1142 328 1205 fuerat¹.

240 1259 378 1321 Ultimis
395 1267 501 1320 tamen
515 1258 594 1320 anni
609 1254 674 1320 355
689 1256 808 1320 diebus
823 1258 966 1320 Athenis
979 1259 1086 1322 adhuc
1097 1261 1203 1323 domi-

195 1374 331 1437 nabatur
347 1375 592 1455 Aristophontis
612 1374 734 1436 factio:
758 1376 851 1437 testis
874 1383 923 1438 est
947 1374 1026 1437 felix
1041 1375 1099 1438 illa
1114 1394 1203 1440 anno

195 1485 259 1551 354
273 1491 310 1551 in
325 1490 424 1553 duces
438 1490 532 1553 illata
553 1489 750 1553 accrrsutio².
777 1490 843 1553 Sed
865 1491 966 1554 insita
986 1493 1089 1554 animi
1111 1511 1203 1555 seve·

193 1606 302 1688 ritate,
328 1606 505 1667 durissima
529 1605 714 1685 disciplina
738 1608 865 1669 ratione
894 1608 1074 1678 multorum
1100 1607 1134 1669 in
1168 1627 1203 1671 se

194 1722 354 1784 iuvidiam
379 1722 581 1802 Aristophon
604 1723 824 1785 excitaverat:
852 1741 964 1786 rerum
992 1722 1201 1804 publicarum

195 1837 480 1899 administratione
497 1836 690 1898 exhaustum
705 1838 871 1920 aerarium,
889 1839 1028 1900 amissos
1046 1838 1152 1913 socios
1169 1848 1204 1902 et

196 1953 341 2030 longiori
366 1951 453 2015 bello
477 1953 622 2014 Atticam
646 1952 794 2015 laborare
817 1955 958 2034 populus
988 1953 1202 2035 querebatur,

195 2085 374 2146 pacemque
390 2069 560 2148 otiumque
576 2068 752 2146 flagitabat.
773 2069 955 2131 Pessimam
963 2069 1072 2130 aerarii
1083 2069 1202 2147 guber-

195 2183 363 2243 nationem
378 2182 556 2244 adversarii
572 2183 841 2245 criminabantur.
855 2181 977 2245 Multos
987 2199 1091 2244 annos
1106 2182 1203 2263 quid-

137 2310 139 2317 *
196 2297 245 2358 vis
270 2306 301 2359 et
324 2298 442 2374 agendi
470 2305 501 2358 et
526 2298 658 2360 dicendi
677 2297 848 2360 licentiam
862 2294 1041 2359 habuerat³
1055 2316 1064 2376 ς
1079 2296 1204 2359 multos

194 2430 297 2475 annos
312 2414 423 2475 omnia
440 2429 498 2475 suo
514 2414 673 2477 arbitratu
687 2421 797 2492 egerat
813 2421 844 2475 et
859 2413 1095 2494 rempublicam
1106 2414 1205 2492 quasi

196 2529 254 2590 sub
272 2547 420 2608 praecone
436 2529 639 2612 vendiderat,
659 2529 884 2592 auctoritatem
909 2546 1001 2591 suam
1016 2527 1131 2608 populi
1147 2528 1203 2591 de'·

195 2646 291 2708 cretis
308 2647 511 2725 superiorem
527 2645 695 2727 habens‘3
714 2644 835 2708 multos
857 2661 961 2706 anuos
980 2644 1016 2706 in
1033 2645 1113 2706 trube
1128 2645 1202 2724 plu·

194 2761 315 2822 rimum
330 2759 512 2843 valuerat⁸3
529 2762 650 2824 multos
667 2779 769 2824 aunos
791 2761 1054 2840 recipiendarum
1070 2775 1202 2838 posses·

195 2879 326 2940 siouum
338 2888 369 2941 et
378 2878 498 2941 veteris
509 2879 738 2957 recuperandae
749 2867 902 2959 potentiae
915 2895 1006 2956 spem
1015 2876 1167 2956 jactando
1175 2873 1199 2959 ⁸,

195 2995 414 3074 prosperrima
439 3012 568 3073 semper
593 2995 704 3055 omnia
725 3001 756 3055 et
780 2992 913 3055 facilem
935 2991 1105 3054 victoriam
1127 3009 1201 3071 pro-

194 3109 365 3189 mittendo,
379 3108 489 3189 populi
500 3110 645 3172 favorem
657 3116 689 3171 et
705 3109 861 3186 suffragia
873 3107 936 3169 sibi
949 3106 1196 3170 conciliaverat.

195 3225 293 3289 Nunc
308 3225 514 3306 inimicitias,
526 3225 613 3287 bella
627 3233 658 3287 et
673 3232 822 3303 sumptus
837 3227 1017 3286 immensos
1030 3240 1068 3285 ex
1084 3223 1201 3302 hujus-

234 3448 256 3497 1.
271 3445 388 3509 solutor,
406 3447 422 3508 l,
444 3449 500 3510 151,
521 3447 644 3499 lde-idi.

230 3543 254 3588 ἱ).
271 3537 306 3588 ct,
326 3539 351 3589 C.
368 3539 386 3587 l.
403 3539 438 3597 1,,
459 3537 486 3598 ll,
503 3539 546 3596 70,
562 3536 700 3586 decretum
713 3546 782 3584 anno
798 3529 924 3602 aestate,
937 3532 1121 3598 Aristophonte
1137 3548 1203 3586 auc·
1239 3561 1246 3575 ·

192 3619 258 3678 tore,
275 3621 405 3681 rogatum.
422 3614 521 3667 Erravit
542 3613 623 3678 igitur
644 3612 787 3678 flaganiae,
813 3627 874 3666 cum
898 3612 1033 3665 nemiuem
1056 3614 1108 3666 boc
1126 3629 1199 3666 anno

192 3694 298 3747 Athenis
310 3699 364 3762 jam
379 3696 450 3749 bello
465 3696 554 3747 favere
569 3695 749 3747 contenderet.
768 3691 836 3759 (dos,
853 3708 879 3759 p.
899 3696 968 3752 153.)

229 3791 254 3838 3.
269 3785 413 3849 Demosth.,
429 3789 464 3837 De
479 3786 539 3838 Cor.
553 3785 711 3847 trierorcd„
727 3785 767 3844 16,
785 3788 826 3836 22.

228 3877 253 3925 f.
270 3872 415 3935 Demosth„
432 3876 545 3938 desolo.
560 3879 622 3938 tce„
640 3880 700 3928 297.
717 3874 754 3926 Cf.
772 3878 803 3924 br
820 3875 889 3936 Cor„
907 3877 967 3927 att.

231 3968 255 4014 ἔ),
271 3962 406 4029 Hyperid..
425 3967 474 4014 Pro
490 3966 658 4030 sztseuvppo,
676 3969 716 4016 29.

232 4050 363 4109 6.lsoc1·..
380 4053 490 4117 Syrum,
509 4059 534 4104 t.
