2798 4980
599 459 641 467 ..
687 416 731 487 34
775 461 819 472 ,,,
853 504 859 519 Ι

206 566 324 631 cando¹
342 586 455 648 pacem
467 568 740 649 concordiamque
754 571 950 633 restituendi
959 570 981 631 ².
994 571 1090 632 Haud
1101 571 1211 656 aliter,

206 691 242 746 ut
256 683 343 746 infra
357 684 552 764 videbimus,
570 685 604 745 in
621 686 767 747 oratione
783 684 845 747 illa
859 686 975 750 eodem
985 687 1053 749 iere
1064 694 1213 767 tempore

205 800 245 862 de
260 819 338 880 pace
356 800 466 863 habita
488 800 649 863 Isocrates
669 804 769 864 verba
789 801 953 865 faciebat:
980 819 1040 864 nec
1061 802 1213 865 absurdae'

206 932 279 996 spes
294 914 361 977 illae
377 915 572 977 videbantur
585 915 719 999 quibus,
737 916 971 978 Thebanorum
986 915 1087 978 simul
1103 924 1135 978 et
1151 916 1212 978 La-

205 1032 479 1094 cedaemoniornm
489 1032 715 1094 infirmitatem
727 1032 928 1114 aeterriando,
942 1040 1066 1096 ceteros
1078 1033 1212 1095 Graecos

204 1147 241 1208 in
254 1147 444 1209 societatem
458 1148 649 1226 recipiendo
660 1146 683 1229 ³,
699 1147 877 1209 amicitiam
889 1165 979 1209 suam
989 1148 1146 1210 omnibus
1165 1147 1211 1210 ci-

204 1262 359 1324 vitatibus
386 1270 540 1341 tanquam
569 1262 799 1324 firmissimum
827 1261 1068 1325 incolumitatis
1091 1263 1213 1343 pignus

205 1376 426 1440 Athenienses
442 1394 624 1457 proponere
639 1386 772 1457 possent
782 1374 804 1439 ⁴.

249 1491 287 1554 Si
301 1510 389 1555 nuno
413 1494 453 1556 ab
476 1500 683 1555 externarum
709 1510 819 1555 rerum
840 1509 918 1555 cura
938 1494 980 1555 ad
1001 1492 1213 1572 publicorum

203 1606 370 1669 redituum
385 1607 705 1670 administrationem
729 1608 893 1684 venimus,
917 1607 979 1669 hoo
994 1608 1140 1687 primum
1154 1609 1211 1672 ob·

204 1741 384 1803 servamus,
410 1731 511 1785 totam
531 1725 676 1785 auctoris
691 1724 797 1785 nostri
818 1721 1081 1786 sollicitudinem
1096 1724 1133 1786 in
1147 1724 1212 1787 hoc

202 1856 306 1899 unum
321 1838 482 1920 impendi,
510 1846 547 1900 ut
570 1857 635 1920 qua
656 1840 782 1901 ratione
803 1837 1061 1901 Atheniensium
1082 1838 1212 1902 reditus

202 1955 284 2016 satis
307 1955 456 2017 exhausti
476 1955 589 2033 augeri
618 1955 745 2034 possint
768 1956 893 2018 doceat.
918 1955 990 2018 Huc
1014 1963 1082 2018 tota
1104 1957 1212 2019 oratio

203 2078 336 2153 spectat,
354 2071 420 2134 huc
436 2070 609 2151 splendida
623 2070 685 2134 illa
701 2072 740 2133 de
756 2071 1015 2134 administranda
1028 2072 1211 2135 reforman-

202 2184 306 2264 daque
323 2185 491 2265 republica
515 2184 666 2248 consilia.
691 2185 891 2264 Huiusmodi
919 2192 1030 2249 autem
1050 2185 1207 2271 consilia,

199 2302 311 2382 qualia
331 2303 471 2382 scriptor
495 2310 608 2364 noster
631 2310 800 2382 proponat,
827 2319 891 2382 quo
914 2302 1097 2382 praeeertim
1121 2320 1210 2366 anno

106 2480 110 2489 ,
200 2415 264 2480 346
282 2419 454 2481 tenderent
469 2435 535 2481 non
555 2393 651 2497 plane
672 2418 847 2498 perspicio.
868 2416 944 2480 Non
968 2417 1094 2479 infitior
1115 2418 1209 2496 equi·

148 2521 150 2525 ’
200 2532 276 2594 dem
290 2533 465 2596 bellacum
479 2532 637 2612 Philippo
652 2539 724 2594 acto
745 2530 847 2593 multa
872 2529 994 2593 talenta
1011 2539 1209 2610 consumpta

199 2644 337 2729 fuisse⁸‚
362 2655 394 2709 et
409 2647 522 2726 inopia
537 2647 738 2710 laboravisse
762 2647 914 2707 aerarium
936 2643 1126 2724 publicum:
1146 2663 1208 2708 cur
1272 2621 1275 2626 ⁵

198 2770 322 2843 autem,
337 2781 417 2843 pace
439 2764 600 2846 restituta,
614 2763 709 2842 quasi
722 2780 807 2825 nova
816 2760 1025 2841 publicorum
1038 2762 1208 2824 redituum

196 2879 279 2941 ratio
295 2878 464 2958 formaque
480 2879 681 2940 invenienda
695 2878 797 2940 fuerit
810 2894 877 2938 non
893 2877 971 2939 satis
983 2877 1101 2957 liquet.
1116 2879 1207 2954 Quid

196 3001 270 3074 post
287 2994 532 3058 Philocrateam
547 3011 658 3074 pacem
675 2994 711 3055 in
724 2992 853 3073 publici
870 2993 979 3056 aerarii
994 2994 1205 3056 administra·

196 3109 285 3172 tione
302 3117 369 3172 tam
383 3126 481 3187 grave
496 3109 671 3192 acciderat,
689 3109 777 3189 quod
790 3109 922 3187 plenam
933 3109 1076 3188 publicae
1091 3107 1205 3177 odacro·

196 3224 498 3310 piorgrefectionem
512 3221 684 3303 exigeret?
709 3223 775 3297 Qui
800 3224 967 3286 redituum
986 3224 1093 3286 fontes
1112 3224 1205 3287 bello

195 3339 347 3403 exhausti
362 3340 501 3422 fuerant,
521 3357 603 3419 quos
626 3357 692 3402 nnn
716 3358 777 3419 pax
800 3340 911 3401 statim
926 3338 1095 3401 redditura
1109 3336 1204 3402 erat?

194 3455 288 3518 Adde
305 3455 526 3535 proximorum
544 3472 705 3517 annorum
720 3454 826 3542 spatio
847 3453 970 3516 Eubuli
986 3471 1063 3517 cura
1079 3454 1203 3533 optime

231 3704 254 3752 t.
271 3701 416 3763 Demosth,
433 3703 467 3753 be
483 3704 596 3766 Syrum„
615 3705 654 3754 12.

229 3791 405 3853 2.1dirl.‚lo.
506 3851 507 3854 Ἰ

226 3885 250 3932 3.
266 3879 410 3941 Demosth,
428 3881 462 3929 bo
478 3882 618 3942 hecaten,
635 3881 659 3939 i,
679 3884 703 3930 5.

224 3974 249 4022 l.
267 3968 410 4030 Demosth,
429 3971 462 4019 Da
478 3968 558 4018 ltbod.
574 3967 635 4028 tila,
652 3969 678 4019 l.

226 4063 249 4109 i.
268 4058 373 4119 nollet,
392 4061 451 4118 att,
471 4059 596 4109 ‘inl-ton.
639 4061 641 4063 ’
719 4055 720 4058 ’
