<?xml version="1.0" encoding="UTF-8"?>
<!DOCTYPE html PUBLIC "-//W3C//DTD XHTML 1.0 Transitional//EN"
    "http://www.w3.org/TR/xhtml1/DTD/xhtml1-transitional.dtd">
<html xmlns="http://www.w3.org/1999/xhtml" xml:lang="en" lang="en">
 <head>
  <title>
</title>
<meta http-equiv="Content-Type" content="text/html;charset=utf-8" />
  <meta name='ocr-system' content='tesseract 3.04.00' />
  <meta name='ocr-capabilities' content='ocr_page ocr_carea ocr_par ocr_line ocrx_word'/>
</head>
<body>
  <div class='ocr_page' id='page_1' title='image "./quotemporequame00diehgoog_0023.png"; bbox 0 0 2798 4980; ppageno 0'>
   <div class='ocr_carea' id='block_1_1' title="bbox 584 420 801 482">
    <p class='ocr_par' dir='ltr' id='par_1_1' title="bbox 584 420 801 482">
     <span class='ocr_line' id='line_1_1' title="bbox 584 420 801 482; baseline 0.009 -16"><span class='ocrx_word' id='word_1_1' title='bbox 584 420 801 482; x_wconf 71' lang='lat'>..14-</span> 
     </span>
    </p>
   </div>
   <div class='ocr_carea' id='block_1_2' title="bbox 118 559 1208 1925">
    <p class='ocr_par' dir='ltr' id='par_1_2' title="bbox 118 559 1208 1925">
     <span class='ocr_line' id='line_1_2' title="bbox 193 559 1198 650; baseline -0.006 -20"><span class='ocrx_word' id='word_1_2' title='bbox 193 570 247 650; x_wconf 84' lang='lat' dir='ltr'>sit,</span> <span class='ocrx_word' id='word_1_3' title='bbox 263 584 338 628; x_wconf 88' lang='lat' dir='ltr'>cum</span> <span class='ocrx_word' id='word_1_4' title='bbox 353 582 438 626; x_wconf 88' lang='lat' dir='ltr'>anno</span> <span class='ocrx_word' id='word_1_5' title='bbox 451 562 535 626; x_wconf 71' lang='lat'>1873</span> <span class='ocrx_word' id='word_1_6' title='bbox 546 564 719 626; x_wconf 67' lang='lat' dir='ltr'>lhuuitzius</span> <span class='ocrx_word' id='word_1_7' title='bbox 731 563 753 647; x_wconf 87' lang='lat'>¹,</span> <span class='ocrx_word' id='word_1_8' title='bbox 770 559 1198 639; x_wconf 78' lang='lat' dir='ltr'>anuo1874Gleiuige1us²</span> 
     </span>
     <span class='ocr_line' id='line_1_3' title="bbox 193 677 1200 760; baseline -0.003 -16"><span class='ocrx_word' id='word_1_9' title='bbox 193 681 294 745; x_wconf 88' lang='lat' dir='ltr'>simul</span> <span class='ocrx_word' id='word_1_10' title='bbox 304 677 587 760; x_wconf 78' lang='lat' dir='ltr'>Zurhorgiusque³</span> <span class='ocrx_word' id='word_1_11' title='bbox 605 695 765 742; x_wconf 87' lang='lat' dir='ltr'>novorum</span> <span class='ocrx_word' id='word_1_12' title='bbox 775 687 1042 756; x_wconf 79' lang='lat' dir='ltr'>argumentorum</span> <span class='ocrx_word' id='word_1_13' title='bbox 1052 677 1200 760; x_wconf 85' lang='lat' dir='ltr'>pondere</span> 
     </span>
     <span class='ocr_line' id='line_1_4' title="bbox 193 795 1201 860; baseline -0.003 0"><span class='ocrx_word' id='word_1_14' title='bbox 193 797 384 860; x_wconf 83' lang='lat' dir='ltr'>labefactam</span> <span class='ocrx_word' id='word_1_15' title='bbox 400 795 550 858; x_wconf 76' lang='lat' dir='ltr'>Butukhii</span> <span class='ocrx_word' id='word_1_16' title='bbox 563 795 759 858; x_wconf 85' lang='lat' dir='ltr'>sententiam</span> <span class='ocrx_word' id='word_1_17' title='bbox 769 797 961 858; x_wconf 84' lang='lat' dir='ltr'>confirmare</span> <span class='ocrx_word' id='word_1_18' title='bbox 971 795 1025 859; x_wconf 84' lang='lat' dir='ltr'>vel</span> <span class='ocrx_word' id='word_1_19' title='bbox 1040 813 1201 859; x_wconf 83' lang='lat' dir='ltr'>renovare</span> 
     </span>
     <span class='ocr_line' id='line_1_5' title="bbox 194 911 1203 993; baseline -0.002 -16"><span class='ocrx_word' id='word_1_20' title='bbox 194 915 303 979; x_wconf 85' lang='lat' dir='ltr'>eonati</span> <span class='ocrx_word' id='word_1_21' title='bbox 319 922 405 977; x_wconf 89' lang='lat' dir='ltr'>sunt.</span> <span class='ocrx_word' id='word_1_22' title='bbox 425 912 559 993; x_wconf 84' lang='lat' dir='ltr'>Optime</span> <span class='ocrx_word' id='word_1_23' title='bbox 577 912 713 993; x_wconf 85' lang='lat' dir='ltr'>quidem</span> <span class='ocrx_word' id='word_1_24' title='bbox 727 911 821 976; x_wconf 88' lang='lat' dir='ltr'>ambo</span> <span class='ocrx_word' id='word_1_25' title='bbox 837 920 1035 976; x_wconf 81' lang='lat' dir='ltr'>monuerunt</span> <span class='ocrx_word' id='word_1_26' title='bbox 1057 915 1203 990; x_wconf 85' lang='lat' dir='ltr'>graviter</span> 
     </span>
     <span class='ocr_line' id='line_1_6' title="bbox 195 1030 1201 1111; baseline -0.002 -17"><span class='ocrx_word' id='word_1_27' title='bbox 195 1033 229 1094; x_wconf 90' lang='lat' dir='ltr'>in</span> <span class='ocrx_word' id='word_1_28' title='bbox 254 1031 475 1111; x_wconf 85' lang='lat' dir='ltr'>disputatione</span> <span class='ocrx_word' id='word_1_29' title='bbox 500 1030 911 1110; x_wconf 78' lang='lat' dir='ltr'>Hageuiumpecoaviss03</span> <span class='ocrx_word' id='word_1_30' title='bbox 928 1032 1023 1094; x_wconf 87' lang='lat' dir='ltr'>ambo</span> <span class='ocrx_word' id='word_1_31' title='bbox 1048 1031 1201 1093; x_wconf 83' lang='lat' dir='ltr'>Phocen-</span> 
     </span>
     <span class='ocr_line' id='line_1_7' title="bbox 195 1144 1202 1227; baseline 0.002 -19"><span class='ocrx_word' id='word_1_32' title='bbox 195 1149 283 1210; x_wconf 89' lang='lat' dir='ltr'>sium</span> <span class='ocrx_word' id='word_1_33' title='bbox 297 1146 461 1210; x_wconf 85' lang='lat' dir='ltr'>deditioni</span> <span class='ocrx_word' id='word_1_34' title='bbox 484 1144 640 1208; x_wconf 84' lang='lat' dir='ltr'>libellum</span> <span class='ocrx_word' id='word_1_35' title='bbox 661 1147 857 1209; x_wconf 83' lang='lat' dir='ltr'>anteriorem</span> <span class='ocrx_word' id='word_1_36' title='bbox 876 1164 949 1210; x_wconf 86' lang='lat' dir='ltr'>esse</span> <span class='ocrx_word' id='word_1_37' title='bbox 970 1148 1202 1227; x_wconf 84' lang='lat' dir='ltr'>comprobave-</span> 
     </span>
     <span class='ocr_line' id='line_1_8' title="bbox 195 1259 1202 1344; baseline 0 -20"><span class='ocrx_word' id='word_1_38' title='bbox 195 1269 283 1325; x_wconf 87' lang='lat' dir='ltr'>runt.</span> <span class='ocrx_word' id='word_1_39' title='bbox 301 1261 385 1335; x_wconf 87' lang='lat' dir='ltr'>Quis</span> <span class='ocrx_word' id='word_1_40' title='bbox 400 1262 490 1324; x_wconf 85' lang='lat' dir='ltr'>enim</span> <span class='ocrx_word' id='word_1_41' title='bbox 508 1259 637 1323; x_wconf 81' lang='lat' dir='ltr'>ultimis</span> <span class='ocrx_word' id='word_1_42' title='bbox 653 1260 921 1342; x_wconf 84' lang='lat' dir='ltr'>Skirophorionis</span> <span class='ocrx_word' id='word_1_43' title='bbox 932 1262 1056 1325; x_wconf 89' lang='lat' dir='ltr'>mensis</span> <span class='ocrx_word' id='word_1_44' title='bbox 1067 1262 1202 1344; x_wconf 85' lang='lat' dir='ltr'>diebus,</span> 
     </span>
     <span class='ocr_line' id='line_1_9' title="bbox 195 1356 1205 1458; baseline 0.001 -18"><span class='ocrx_word' id='word_1_45' title='bbox 195 1356 1205 1458; x_wconf 64' lang='lat' dir='ltr'>cumaDelphisPhocensesrecessissentPhocidisuueurbes</span> 
     </span>
     <span class='ocr_line' id='line_1_10' title="bbox 194 1493 1205 1576; baseline 0.001 -20"><span class='ocrx_word' id='word_1_46' title='bbox 194 1512 213 1556; x_wconf 90' lang='lat' dir='ltr'>a</span> <span class='ocrx_word' id='word_1_47' title='bbox 229 1493 384 1573; x_wconf 90' lang='lat' dir='ltr'>Philippo</span> <span class='ocrx_word' id='word_1_48' title='bbox 399 1494 523 1556; x_wconf 81' lang='lat' dir='ltr'>victore</span> <span class='ocrx_word' id='word_1_49' title='bbox 537 1502 702 1573; x_wconf 82' lang='lat' dir='ltr'>oocupatae</span> <span class='ocrx_word' id='word_1_50' title='bbox 718 1501 841 1574; x_wconf 86' lang='lat' dir='ltr'>essent,</span> <span class='ocrx_word' id='word_1_51' title='bbox 859 1496 934 1574; x_wconf 89' lang='lat' dir='ltr'>quis</span> <span class='ocrx_word' id='word_1_52' title='bbox 950 1495 1012 1576; x_wconf 82' lang='lat' dir='ltr'>vir,</span> <span class='ocrx_word' id='word_1_53' title='bbox 1029 1496 1111 1556; x_wconf 83' lang='lat' dir='ltr'>recti</span> <span class='ocrx_word' id='word_1_54' title='bbox 1129 1495 1205 1574; x_wconf 90' lang='lat' dir='ltr'>qui-</span> 
     </span>
     <span class='ocr_line' id='line_1_11' title="bbox 195 1607 1207 1690; baseline 0.002 -21"><span class='ocrx_word' id='word_1_55' title='bbox 195 1607 272 1669; x_wconf 88' lang='lat' dir='ltr'>dem</span> <span class='ocrx_word' id='word_1_56' title='bbox 292 1608 432 1689; x_wconf 86' lang='lat' dir='ltr'>judicii,</span> <span class='ocrx_word' id='word_1_57' title='bbox 458 1607 683 1671; x_wconf 74' lang='lat' dir='ltr'>Athenienses</span> <span class='ocrx_word' id='word_1_58' title='bbox 704 1608 881 1673; x_wconf 81' lang='lat' dir='ltr'>admonere</span> <span class='ocrx_word' id='word_1_59' title='bbox 902 1609 1060 1690; x_wconf 89' lang='lat' dir='ltr'>potuisset</span> <span class='ocrx_word' id='word_1_60' title='bbox 1079 1619 1117 1671; x_wconf 91' lang='lat' dir='ltr'>ut</span> <span class='ocrx_word' id='word_1_61' title='bbox 1136 1625 1207 1671; x_wconf 91' lang='lat' dir='ltr'>uon</span> 
     </span>
     <span class='ocr_line' id='line_1_12' title="bbox 197 1719 1206 1814; baseline 0.002 -28"><span class='ocrx_word' id='word_1_62' title='bbox 197 1726 267 1786; x_wconf 84' lang='lat' dir='ltr'>belli</span> <span class='ocrx_word' id='word_1_63' title='bbox 289 1728 437 1802; x_wconf 81' lang='lat' dir='ltr'>societate,</span> <span class='ocrx_word' id='word_1_64' title='bbox 465 1724 520 1787; x_wconf 89' lang='lat' dir='ltr'>sed</span> <span class='ocrx_word' id='word_1_65' title='bbox 550 1726 721 1787; x_wconf 77' lang='lat' dir='ltr'>mittendis</span> <span class='ocrx_word' id='word_1_66' title='bbox 745 1743 803 1806; x_wconf 84' lang='lat' dir='ltr'>per</span> <span class='ocrx_word' id='word_1_67' title='bbox 826 1724 987 1788; x_wconf 83' lang='lat' dir='ltr'>Graeoiam</span> <span class='ocrx_word' id='word_1_68' title='bbox 1009 1724 1141 1808; x_wconf 83' lang='lat' dir='ltr'>legatis,</span> <span class='ocrx_word' id='word_1_69' title='bbox 1159 1719 1206 1814; x_wconf 68' lang='grc' dir='ltr'>μὴ</span> 
     </span>
     <span class='ocr_line' id='line_1_13' title="bbox 118 1836 1208 1925; baseline -0.001 -19"><span class='ocrx_word' id='word_1_70' title='bbox 118 1882 121 1887; x_wconf 92' lang='lat'>-</span> <span class='ocrx_word' id='word_1_71' title='bbox 197 1843 482 1925; x_wconf 72' lang='grc' dir='ltr'>συμπολεμοῦντος,</span> <span class='ocrx_word' id='word_1_72' title='bbox 510 1836 594 1906; x_wconf 79' lang='grc' dir='ltr'>ἀλλὰ</span> <span class='ocrx_word' id='word_1_73' title='bbox 621 1838 840 1925; x_wconf 71' lang='grc' dir='ltr'>πρεσβεύοντες</span> <span class='ocrx_word' id='word_1_74' title='bbox 854 1840 881 1921; x_wconf 79' lang='lat'>⁴,</span> <span class='ocrx_word' id='word_1_75' title='bbox 906 1840 1077 1920; x_wconf 84' lang='lat' dir='ltr'>Delphicis</span> <span class='ocrx_word' id='word_1_76' title='bbox 1104 1843 1208 1905; x_wconf 85' lang='lat' dir='ltr'>rebus</span> 
     </span>
    </p>
   </div>
   <div class='ocr_carea' id='block_1_3' title="bbox 94 1953 1208 2037">
    <p class='ocr_par' dir='ltr' id='par_1_3' title="bbox 94 1953 1208 2037">
     <span class='ocr_line' id='line_1_14' title="bbox 94 1953 1208 2037; baseline 0.004 -19"><span class='ocrx_word' id='word_1_77' title='bbox 94 1990 98 1997; x_wconf 89' lang='lat'><strong>·</strong></span> <span class='ocrx_word' id='word_1_78' title='bbox 198 1953 437 2019; x_wconf 80' lang='lat' dir='ltr'>subvenirent?</span> <span class='ocrx_word' id='word_1_79' title='bbox 454 1954 491 2017; x_wconf 87' lang='lat' dir='ltr'>Si</span> <span class='ocrx_word' id='word_1_80' title='bbox 504 1956 678 2019; x_wconf 86' lang='lat' dir='ltr'>verhorum</span> <span class='ocrx_word' id='word_1_81' title='bbox 688 1958 842 2037; x_wconf 79' lang='lat' dir='ltr'>potestati</span> <span class='ocrx_word' id='word_1_82' title='bbox 858 1964 890 2019; x_wconf 90' lang='lat' dir='ltr'>et</span> <span class='ocrx_word' id='word_1_83' title='bbox 904 1964 1059 2037; x_wconf 83' lang='lat' dir='ltr'>perpetuo</span> <span class='ocrx_word' id='word_1_84' title='bbox 1069 1959 1208 2022; x_wconf 83' lang='lat' dir='ltr'>dicendi</span> 
     </span>
    </p>
   </div>
   <div class='ocr_carea' id='block_1_4' title="bbox 197 2072 1211 3309">
    <p class='ocr_par' dir='ltr' id='par_1_4' title="bbox 197 2072 1211 3309">
     <span class='ocr_line' id='line_1_15' title="bbox 197 2072 1207 2159; baseline 0.004 -25"><span class='ocrx_word' id='word_1_85' title='bbox 197 2074 275 2135; x_wconf 90' lang='lat' dir='ltr'>usui</span> <span class='ocrx_word' id='word_1_86' title='bbox 289 2072 489 2135; x_wconf 80' lang='lat' dir='ltr'>credendum</span> <span class='ocrx_word' id='word_1_87' title='bbox 499 2079 560 2152; x_wconf 89' lang='lat' dir='ltr'>est,</span> <span class='ocrx_word' id='word_1_88' title='bbox 574 2072 672 2134; x_wconf 85' lang='lat' dir='ltr'>verho</span> <span class='ocrx_word' id='word_1_89' title='bbox 687 2077 893 2159; x_wconf 79' lang='grc' dir='ltr'>συμπολεμεῖν</span> <span class='ocrx_word' id='word_1_90' title='bbox 905 2073 977 2135; x_wconf 86' lang='lat' dir='ltr'>sino</span> <span class='ocrx_word' id='word_1_91' title='bbox 988 2073 1088 2136; x_wconf 90' lang='lat' dir='ltr'>dubio</span> <span class='ocrx_word' id='word_1_92' title='bbox 1100 2075 1207 2150; x_wconf 83' lang='lat' dir='ltr'>signi·</span> 
     </span>
     <span class='ocr_line' id='line_1_16' title="bbox 197 2174 1204 2276; baseline 0.004 -25"><span class='ocrx_word' id='word_1_93' title='bbox 197 2191 313 2252; x_wconf 78' lang='lat' dir='ltr'>ficetur</span> <span class='ocrx_word' id='word_1_94' title='bbox 333 2187 534 2268; x_wconf 83' lang='lat' dir='ltr'>cumulique</span> <span class='ocrx_word' id='word_1_95' title='bbox 549 2189 763 2274; x_wconf 82' lang='lat' dir='ltr'>conjunctum</span> <span class='ocrx_word' id='word_1_96' title='bbox 779 2174 889 2252; x_wconf 81' lang='lat' dir='ltr'>contra</span> <span class='ocrx_word' id='word_1_97' title='bbox 904 2188 1049 2269; x_wconf 90' lang='lat' dir='ltr'>aliquem</span> <span class='ocrx_word' id='word_1_98' title='bbox 1064 2189 1204 2276; x_wconf 81' lang='lat' dir='ltr'>bellare,</span> 
     </span>
     <span class='ocr_line' id='line_1_17' title="bbox 197 2303 1207 2388; baseline 0.002 -21"><span class='ocrx_word' id='word_1_99' title='bbox 197 2305 248 2368; x_wconf 90' lang='lat' dir='ltr'>vel</span> <span class='ocrx_word' id='word_1_100' title='bbox 264 2303 352 2367; x_wconf 88' lang='lat' dir='ltr'>hello</span> <span class='ocrx_word' id='word_1_101' title='bbox 367 2304 541 2368; x_wconf 85' lang='lat' dir='ltr'>interesse.</span> <span class='ocrx_word' id='word_1_102' title='bbox 554 2303 644 2377; x_wconf 89' lang='lat' dir='ltr'>Quid</span> <span class='ocrx_word' id='word_1_103' title='bbox 659 2305 761 2387; x_wconf 84' lang='lat' dir='ltr'>enim,</span> <span class='ocrx_word' id='word_1_104' title='bbox 775 2307 802 2366; x_wconf 91' lang='lat' dir='ltr'>si</span> <span class='ocrx_word' id='word_1_105' title='bbox 813 2323 873 2384; x_wconf 85' lang='lat' dir='ltr'>pax</span> <span class='ocrx_word' id='word_1_106' title='bbox 886 2309 955 2388; x_wconf 87' lang='lat' dir='ltr'>jam</span> <span class='ocrx_word' id='word_1_107' title='bbox 967 2313 1035 2369; x_wconf 79' lang='lat' dir='ltr'>orat</span> <span class='ocrx_word' id='word_1_108' title='bbox 1049 2307 1207 2369; x_wconf 86' lang='lat' dir='ltr'>termina-</span> 
     </span>
     <span class='ocr_line' id='line_1_18' title="bbox 198 2419 1209 2502; baseline 0.002 -18"><span class='ocrx_word' id='word_1_109' title='bbox 198 2432 332 2501; x_wconf 84' lang='lat' dir='ltr'>tumque</span> <span class='ocrx_word' id='word_1_110' title='bbox 352 2419 481 2482; x_wconf 87' lang='lat' dir='ltr'>s&#39;aorum</span> <span class='ocrx_word' id='word_1_111' title='bbox 503 2420 641 2502; x_wconf 89' lang='lat' dir='ltr'>bellum,</span> <span class='ocrx_word' id='word_1_112' title='bbox 663 2422 726 2483; x_wconf 84' lang='lat' dir='ltr'>hoc</span> <span class='ocrx_word' id='word_1_113' title='bbox 746 2421 846 2484; x_wconf 82' lang='lat' dir='ltr'>verbo</span> <span class='ocrx_word' id='word_1_114' title='bbox 865 2421 1121 2501; x_wconf 84' lang='lat' dir='ltr'>intelligendum</span> <span class='ocrx_word' id='word_1_115' title='bbox 1135 2421 1209 2486; x_wconf 83' lang='lat' dir='ltr'>sit?</span> 
     </span>
     <span class='ocr_line' id='line_1_19' title="bbox 199 2535 1211 2619; baseline 0.002 -21"><span class='ocrx_word' id='word_1_116' title='bbox 199 2536 283 2611; x_wconf 81' lang='lat' dir='ltr'>Quis</span> <span class='ocrx_word' id='word_1_117' title='bbox 298 2554 441 2618; x_wconf 84' lang='lat' dir='ltr'>quoque,</span> <span class='ocrx_word' id='word_1_118' title='bbox 459 2536 486 2595; x_wconf 87' lang='lat' dir='ltr'>si</span> <span class='ocrx_word' id='word_1_119' title='bbox 504 2553 582 2598; x_wconf 85' lang='lat' dir='ltr'>sana</span> <span class='ocrx_word' id='word_1_120' title='bbox 598 2553 691 2598; x_wconf 89' lang='lat' dir='ltr'>mens</span> <span class='ocrx_word' id='word_1_121' title='bbox 711 2535 838 2618; x_wconf 84' lang='lat' dir='ltr'>luisset,</span> <span class='ocrx_word' id='word_1_122' title='bbox 862 2554 937 2599; x_wconf 88' lang='lat' dir='ltr'>cum</span> <span class='ocrx_word' id='word_1_123' title='bbox 956 2536 1133 2618; x_wconf 90' lang='lat' dir='ltr'>Philippus</span> <span class='ocrx_word' id='word_1_124' title='bbox 1146 2557 1211 2619; x_wconf 86' lang='lat' dir='ltr'>per</span> 
     </span>
     <span class='ocr_line' id='line_1_20' title="bbox 199 2650 1209 2736; baseline 0.001 -22"><span class='ocrx_word' id='word_1_125' title='bbox 199 2653 360 2714; x_wconf 70' lang='lat' dir='ltr'>Boeotiam</span> <span class='ocrx_word' id='word_1_126' title='bbox 378 2651 625 2730; x_wconf 88' lang='lat' dir='ltr'>Phocidemque</span> <span class='ocrx_word' id='word_1_127' title='bbox 641 2653 753 2713; x_wconf 89' lang='lat' dir='ltr'>omnia</span> <span class='ocrx_word' id='word_1_128' title='bbox 766 2653 869 2715; x_wconf 85' lang='lat' dir='ltr'>victor</span> <span class='ocrx_word' id='word_1_129' title='bbox 889 2650 1110 2736; x_wconf 76' lang='lat' dir='ltr'>disponeret⁸‚</span> <span class='ocrx_word' id='word_1_130' title='bbox 1128 2653 1209 2715; x_wconf 90' lang='lat' dir='ltr'>Del-</span> 
     </span>
     <span class='ocr_line' id='line_1_21' title="bbox 197 2761 1208 2850; baseline 0.005 -24"><span class='ocrx_word' id='word_1_131' title='bbox 197 2765 288 2846; x_wconf 85' lang='lat' dir='ltr'>phici</span> <span class='ocrx_word' id='word_1_132' title='bbox 306 2765 422 2846; x_wconf 88' lang='lat' dir='ltr'>templi</span> <span class='ocrx_word' id='word_1_133' title='bbox 437 2761 623 2850; x_wconf 71' lang='grc' dir='ltr'>αὐτονομίαν</span> <span class='ocrx_word' id='word_1_134' title='bbox 637 2765 860 2844; x_wconf 83' lang='lat' dir='ltr'>legationibus</span> <span class='ocrx_word' id='word_1_135' title='bbox 879 2767 1011 2830; x_wconf 90' lang='lat' dir='ltr'>restitui</span> <span class='ocrx_word' id='word_1_136' title='bbox 1026 2785 1120 2848; x_wconf 90' lang='lat' dir='ltr'>posse</span> <span class='ocrx_word' id='word_1_137' title='bbox 1136 2786 1208 2832; x_wconf 87' lang='lat' dir='ltr'>ore-</span> 
     </span>
     <span class='ocr_line' id='line_1_22' title="bbox 198 2877 1210 2962; baseline 0.004 -20"><span class='ocrx_word' id='word_1_138' title='bbox 198 2877 364 2943; x_wconf 81' lang='lat' dir='ltr'>didisset‘?</span> <span class='ocrx_word' id='word_1_139' title='bbox 379 2879 463 2953; x_wconf 87' lang='lat' dir='ltr'>Quis</span> <span class='ocrx_word' id='word_1_140' title='bbox 479 2880 623 2962; x_wconf 85' lang='lat' dir='ltr'>tandem,</span> <span class='ocrx_word' id='word_1_141' title='bbox 641 2898 717 2942; x_wconf 85' lang='lat' dir='ltr'>cum</span> <span class='ocrx_word' id='word_1_142' title='bbox 729 2898 794 2943; x_wconf 91' lang='lat' dir='ltr'>uon</span> <span class='ocrx_word' id='word_1_143' title='bbox 805 2882 911 2944; x_wconf 89' lang='lat' dir='ltr'>solum</span> <span class='ocrx_word' id='word_1_144' title='bbox 922 2880 1210 2962; x_wconf 83' lang='lat' dir='ltr'>Amphictyonum</span> 
     </span>
     <span class='ocr_line' id='line_1_23' title="bbox 198 2995 1209 3079; baseline 0.001 -21"><span class='ocrx_word' id='word_1_145' title='bbox 198 2997 433 3076; x_wconf 82' lang='lat' dir='ltr'>plerorumque</span> <span class='ocrx_word' id='word_1_146' title='bbox 449 2995 606 3058; x_wconf 87' lang='lat' dir='ltr'>adversus</span> <span class='ocrx_word' id='word_1_147' title='bbox 621 2995 813 3058; x_wconf 86' lang='lat' dir='ltr'>Phocenses</span> <span class='ocrx_word' id='word_1_148' title='bbox 828 2995 964 3078; x_wconf 84' lang='lat' dir='ltr'>auxilio,</span> <span class='ocrx_word' id='word_1_149' title='bbox 982 2997 1040 3059; x_wconf 88' lang='lat' dir='ltr'>sed</span> <span class='ocrx_word' id='word_1_150' title='bbox 1056 2997 1209 3079; x_wconf 90' lang='lat' dir='ltr'>Philippi</span> 
     </span>
     <span class='ocr_line' id='line_1_24' title="bbox 199 3110 1210 3193; baseline 0.005 -22"><span class='ocrx_word' id='word_1_151' title='bbox 199 3111 380 3190; x_wconf 84' lang='lat' dir='ltr'>praesertim</span> <span class='ocrx_word' id='word_1_152' title='bbox 397 3111 554 3173; x_wconf 82' lang='lat' dir='ltr'>societate</span> <span class='ocrx_word' id='word_1_153' title='bbox 571 3110 720 3172; x_wconf 87' lang='lat' dir='ltr'>Thebani</span> <span class='ocrx_word' id='word_1_154' title='bbox 742 3110 975 3193; x_wconf 83' lang='lat' dir='ltr'>inniterentur,</span> <span class='ocrx_word' id='word_1_155' title='bbox 996 3113 1069 3192; x_wconf 90' lang='lat' dir='ltr'>quis</span> <span class='ocrx_word' id='word_1_156' title='bbox 1092 3130 1210 3176; x_wconf 90' lang='lat' dir='ltr'>omnes</span> 
     </span>
     <span class='ocr_line' id='line_1_25' title="bbox 200 3225 1209 3309; baseline 0.002 -21"><span class='ocrx_word' id='word_1_157' title='bbox 200 3226 331 3290; x_wconf 86' lang='lat' dir='ltr'>Graeoos</span> <span class='ocrx_word' id='word_1_158' title='bbox 354 3227 527 3289; x_wconf 85' lang='lat' dir='ltr'>unanimes</span> <span class='ocrx_word' id='word_1_159' title='bbox 547 3225 588 3286; x_wconf 84' lang='lat' dir='ltr'>ad</span> <span class='ocrx_word' id='word_1_160' title='bbox 609 3225 841 3288; x_wconf 83' lang='lat' dir='ltr'>vindicandam</span> <span class='ocrx_word' id='word_1_161' title='bbox 862 3226 1094 3290; x_wconf 83' lang='lat' dir='ltr'>Thebanorum</span> <span class='ocrx_word' id='word_1_162' title='bbox 1118 3228 1209 3309; x_wconf 89' lang='lat' dir='ltr'>inju-</span> 
     </span>
    </p>
   </div>
   <div class='ocr_carea' id='block_1_5' title="bbox 200 3453 1207 3599">
    <p class='ocr_par' dir='ltr' id='par_1_5' title="bbox 200 3453 1207 3599">
     <span class='ocr_line' id='line_1_26' title="bbox 237 3453 1207 3526; baseline 0 -17"><span class='ocrx_word' id='word_1_163' title='bbox 237 3461 260 3509; x_wconf 91' lang='lat'>1.</span> <span class='ocrx_word' id='word_1_164' title='bbox 279 3456 376 3521; x_wconf 71' lang='lat' dir='ltr'>leuitt,</span> <span class='ocrx_word' id='word_1_165' title='bbox 395 3459 429 3508; x_wconf 85' lang='lat' dir='ltr'>De</span> <span class='ocrx_word' id='word_1_166' title='bbox 443 3461 562 3521; x_wconf 84' lang='lat' dir='ltr'>tempore</span> <span class='ocrx_word' id='word_1_167' title='bbox 580 3459 607 3506; x_wconf 87' lang='lat' dir='ltr'>et</span> <span class='ocrx_word' id='word_1_168' title='bbox 626 3459 737 3507; x_wconf 81' lang='lat' dir='ltr'>auctore</span> <span class='ocrx_word' id='word_1_169' title='bbox 757 3456 846 3508; x_wconf 81' lang='lat' dir='ltr'>libelli</span> <span class='ocrx_word' id='word_1_170' title='bbox 864 3457 912 3522; x_wconf 83' lang='lat' dir='ltr'>qui</span> <span class='ocrx_word' id='word_1_171' title='bbox 930 3458 1095 3511; x_wconf 77' lang='lat' dir='ltr'>inscribitur</span> <span class='ocrx_word' id='word_1_172' title='bbox 1112 3453 1207 3526; x_wconf 79' lang='grc' dir='ltr'>Πόροι.</span> 
     </span>
     <span class='ocr_line' id='line_1_27' title="bbox 200 3535 471 3599; baseline 0.007 -13"><span class='ocrx_word' id='word_1_173' title='bbox 200 3535 375 3599; x_wconf 63' lang='lat' dir='ltr'>hinnuouili,</span> <span class='ocrx_word' id='word_1_174' title='bbox 396 3540 471 3589; x_wconf 79' lang='lat'><strong>1873.</strong></span> 
     </span>
    </p>
   </div>
   <div class='ocr_carea' id='block_1_6' title="bbox 205 3621 1208 3758">
    <p class='ocr_par' dir='ltr' id='par_1_6' title="bbox 205 3621 1208 3758">
     <span class='ocr_line' id='line_1_28' title="bbox 235 3621 1208 3692; baseline 0 -14"><span class='ocrx_word' id='word_1_175' title='bbox 235 3630 261 3678; x_wconf 73' lang='lat'>2.</span> <span class='ocrx_word' id='word_1_176' title='bbox 277 3623 418 3689; x_wconf 80' lang='lat' dir='ltr'>Gluluigut,</span> <span class='ocrx_word' id='word_1_177' title='bbox 435 3626 469 3677; x_wconf 78' lang='lat' dir='ltr'>lle</span> <span class='ocrx_word' id='word_1_178' title='bbox 484 3624 666 3690; x_wconf 78' lang='lat' dir='ltr'>Xenophontis</span> <span class='ocrx_word' id='word_1_179' title='bbox 680 3625 772 3677; x_wconf 83' lang='lat' dir='ltr'>libello</span> <span class='ocrx_word' id='word_1_180' title='bbox 786 3629 835 3691; x_wconf 75' lang='lat' dir='ltr'>qut·</span> <span class='ocrx_word' id='word_1_181' title='bbox 850 3621 1113 3692; x_wconf 67' lang='lat' dir='ltr'>iltpoitnscriottur.</span> <span class='ocrx_word' id='word_1_182' title='bbox 1126 3626 1208 3692; x_wconf 78' lang='lat' dir='ltr'>datis,</span> 
     </span>
     <span class='ocr_line' id='line_1_29' title="bbox 205 3706 281 3758; baseline 0.039 -3"><span class='ocrx_word' id='word_1_183' title='bbox 205 3706 281 3758; x_wconf 76' lang='lat'>1874.</span> 
     </span>
    </p>
   </div>
   <div class='ocr_carea' id='block_1_7' title="bbox 201 3791 1212 3935">
    <p class='ocr_par' dir='ltr' id='par_1_7' title="bbox 201 3791 1212 3935">
     <span class='ocr_line' id='line_1_30' title="bbox 201 3791 1212 3921; baseline 0.002 -75"><span class='ocrx_word' id='word_1_184' title='bbox 201 3871 209 3921; x_wconf 65' lang='lat' dir='ltr'>l</span> <span class='ocrx_word' id='word_1_185' title='bbox 237 3801 261 3846; x_wconf 77' lang='lat'>3.</span> <span class='ocrx_word' id='word_1_186' title='bbox 277 3794 402 3858; x_wconf 81' lang='lat' dir='ltr'>Zurhorg,</span> <span class='ocrx_word' id='word_1_187' title='bbox 418 3797 453 3847; x_wconf 79' lang='lat' dir='ltr'>lle</span> <span class='ocrx_word' id='word_1_188' title='bbox 468 3795 645 3860; x_wconf 77' lang='lat' dir='ltr'>Xenophontis</span> <span class='ocrx_word' id='word_1_189' title='bbox 667 3796 759 3847; x_wconf 77' lang='lat' dir='ltr'>libello</span> <span class='ocrx_word' id='word_1_190' title='bbox 777 3795 826 3861; x_wconf 85' lang='lat' dir='ltr'>qui</span> <span class='ocrx_word' id='word_1_191' title='bbox 845 3791 927 3863; x_wconf 74' lang='grc' dir='ltr'>Πόροι</span> <span class='ocrx_word' id='word_1_192' title='bbox 947 3796 1118 3848; x_wconf 76' lang='lat' dir='ltr'>inscribitur.</span> <span class='ocrx_word' id='word_1_193' title='bbox 1133 3797 1212 3848; x_wconf 83' lang='lat' dir='ltr'>Boro-</span> 
     </span>
     <span class='ocr_line' id='line_1_31' title="bbox 212 3871 353 3935; baseline 0.021 -13"><span class='ocrx_word' id='word_1_194' title='bbox 212 3871 258 3935; x_wconf 86' lang='lat' dir='ltr'>iui,</span> <span class='ocrx_word' id='word_1_195' title='bbox 277 3878 353 3927; x_wconf 81' lang='lat'>1874.</span> 
     </span>
    </p>
   </div>
   <div class='ocr_carea' id='block_1_8' title="bbox 235 3964 768 4116">
    <p class='ocr_par' dir='ltr' id='par_1_8' title="bbox 235 3964 768 4116">
     <span class='ocr_line' id='line_1_32' title="bbox 235 3964 448 4026; baseline 0 -12"><span class='ocrx_word' id='word_1_196' title='bbox 235 3964 262 4014; x_wconf 80' lang='lat' dir='ltr'>l.</span> <span class='ocrx_word' id='word_1_197' title='bbox 281 3964 362 4026; x_wconf 69' lang='lat' dir='ltr'>Veot„</span> <span class='ocrx_word' id='word_1_198' title='bbox 379 3964 405 4025; x_wconf 79' lang='lat' dir='ltr'>t,</span> <span class='ocrx_word' id='word_1_199' title='bbox 423 3970 448 4016; x_wconf 86' lang='grc'>9.</span> 
     </span>
     <span class='ocr_line' id='line_1_33' title="bbox 238 4051 768 4116; baseline 0.004 -14"><span class='ocrx_word' id='word_1_200' title='bbox 238 4056 262 4103; x_wconf 78' lang='lat' dir='ltr'>i.</span> <span class='ocrx_word' id='word_1_201' title='bbox 278 4051 420 4113; x_wconf 66' lang='lat' dir='ltr'>nunonis,</span> <span class='ocrx_word' id='word_1_202' title='bbox 438 4053 473 4102; x_wconf 84' lang='lat' dir='ltr'>lle</span> <span class='ocrx_word' id='word_1_203' title='bbox 481 4051 551 4114; x_wconf 77' lang='lat' dir='ltr'>suls.</span> <span class='ocrx_word' id='word_1_204' title='bbox 569 4054 626 4116; x_wconf 63' lang='lat' dir='ltr'>lep„</span> <span class='ocrx_word' id='word_1_205' title='bbox 647 4054 705 4113; x_wconf 82' lang='lat' dir='ltr'>tlt,</span> <span class='ocrx_word' id='word_1_206' title='bbox 724 4057 768 4104; x_wconf 84' lang='grc'>60.</span> 
     </span>
    </p>
   </div>
   <div class='ocr_carea' id='block_1_9' title="bbox 0 0 1417 4980">
    <p class='ocr_par' dir='ltr' id='par_1_9' title="bbox 0 0 1417 4980">
     <span class='ocr_line' id='line_1_34' title="bbox 0 0 1417 4980; baseline 0 0"><span class='ocrx_word' id='word_1_207' title='bbox 0 0 1417 4980; x_wconf 95' lang='lat' dir='ltr'> </span> 
     </span>
    </p>
   </div>
  </div>
 </body>
</html>
