2798 4980
559 424 779 488 ..61ss

169 569 342 632 Eubulum
366 569 594 631 ad'sumrnam
620 588 728 631 rernm
755 567 898 651 tolleret,
924 569 1019 649 quasi
1044 587 1175 630 auream

172 693 301 750 aetatem
310 685 570 748 Atheniensium
584 685 690 746 oculis
705 686 883 765 proposuit.
904 683 1035 765 Nonne,
1050 702 1124 747 cnm
1136 685 1175 746 de

92 818 94 822 ·
160 818 299 863 summa
317 819 427 863 rerum
442 801 636 883 decertatur,
653 800 745 863 soliti
760 809 835 863 sunt
856 802 893 862 hi
916 801 1178 864 adversariorum

172 934 296 1000 mores,
314 924 350 979 ut
365 917 535 980 civitatum
554 917 736 980 rectoribus
756 918 847 979 omni
870 917 965 979 modo
984 918 1177 999 obtrectant,

171 1033 369 1112 optimisque
381 1051 494 1095 eorum
505 1033 802 1096 conatibusinanes
813 1033 1069 1113 pollicitationes
1081 1049 1179 1111 oppo-

168 1155 262 1230 nant,
277 1168 357 1229 quas
374 1157 535 1212 ostentare
552 1149 686 1212 lacilius
701 1159 761 1230 est,
775 1167 873 1229 quarn
884 1142 925 1211 ad
941 1150 1093 1211 effectum
1108 1168 1180 1230 per-

173 1263 319 1328 ducere?
334 1264 451 1327 Nonne
468 1266 590 1344 ubiqne
605 1265 772 1346 homines,
789 1265 869 1327 dum
882 1266 1056 1344 praesentis
1073 1266 1180 1344 reipu-

172 1377 270 1441 blicae
284 1379 397 1442 formae
412 1380 490 1442 illos
503 1380 611 1459 taedet,
626 1379 728 1442 luturi
739 1380 925 1460 regiminis,
940 1381 1180 1460 qualiscunque

173 1495 228 1577 sit,
245 1513 301 1574 spe
313 1493 543 1558 delectantur?
560 1495 678 1557 Nonne
691 1503 724 1557 et
734 1496 770 1555 in
780 1495 857 1558 aliis
868 1487 1055 1558 ciuitatibus
1068 1497 1181 1558 inanes

168 1611 385 1673 reformandae
401 1611 592 1689 reipublicae
608 1610 793 1690 disciplinae
804 1611 1060 1691 pollicitationes
1072 1619 1179 1674 osten-

170 1709 291 1808 tantur,
309 1727 428 1807 quibus
443 1727 659 1790 labefaciatur
679 1745 823 1807 praesens
844 1745 953 1789 rerum
974 1723 1104 1790 status?
1120 1729 1178 1790 Fa·
1264 1757 1265 1760 ¹

170 1840 246 1902 cilis
262 1848 310 1904 est
321 1841 533 1923 jucundaque
544 1841 724 1904 adversarii
734 1859 892 1919 persona:
910 1851 945 1904 ut
957 1842 1073 1922 populi
1085 1861 1179 1904 aures

109 2022 112 2027 ,
168 1957 292 2038 capiat,
317 1956 597 2036 pollicitationum
618 1958 737 2036 plenus
760 1964 840 2018 est:
869 1954 944 2036 ¹quae
969 1975 1043 2036 pars
1070 1965 1180 2018 autern

169 2088 297 2163 earum,
324 2090 399 2134 cum
423 2072 464 2133 ad
489 2090 650 2135 summam
675 2091 787 2134 rerum
808 2073 994 2155 perveniet,
1023 2074 1176 2135 effectum

171 2205 267 2249 suum
283 2183 454 2250 inveniet?

214 2301 264 2364 Ne
280 2304 469 2366 incusemus
484 2304 587 2381 igitur
602 2321 663 2365 nec
678 2305 819 2367 auctoris
841 2305 946 2366 nostri
960 2304 1174 2386 imperitiam,

169 2434 229 2479 nec
244 2420 503 2498 promissionum
517 2419 705 2500 vanitatem,
722 2436 781 2480 nec
793 2429 1060 2495 argumentorum
1070 2418 1176 2496 negli-

169 2535 326 2610 gentiam.
349 2535 388 2596 ln
408 2535 562 2598 factionis
582 2536 721 2614 gratiam
745 2535 830 2596 intra
848 2551 1026 2614 paucorum
1048 2535 1175 2598 dierum

171 2648 311 2726 spatium
322 2648 476 2711 libellum
488 2650 691 2729 composuit3
705 2649 741 2709 in
751 2648 906 2711 factionis
917 2650 1057 2727 gratiam
1068 2648 1175 2729 splen-

169 2763 315 2826 didiores
329 2764 585 2844 pollicitationes
603 2765 803 2846 cumulavit3
821 2765 856 2826 in
871 2766 1024 2827 factionis
1038 2767 1176 2842 gratiam

170 2880 280 2940 omnia
296 2878 460 2942 laudando
477 2881 514 2941 in
528 2880 635 2960 majus
650 2881 753 2942 auxit.
774 2878 850 2942 Non
872 2888 1005 2960 certam,
1030 2879 1176 2959 philoso-

170 2995 311 3074 phorum
334 2995 445 3078 modo,
468 2997 508 3058 de
529 2997 652 3076 optimo
671 2994 864 3075 reipublicae
886 3003 971 3058 statu
995 2995 1180 3058 doctrinam

169 3109 285 3171 afferre
306 3109 420 3191 voluit,
439 3128 504 3173 non
525 3127 617 3191 aequo
637 3111 748 3172 animo
768 3111 923 3190 praesenti
943 3127 1055 3171 rerum
1078 3109 1177 3170 statui

170 3224 326 3287 eximiam
347 3227 522 3306 quamdam
542 3227 694 3306 perfectae
714 3226 858 3288 civitatis
879 3225 1060 3303 imaginem
1079 3242 1176 3304 oppo-

168 3357 247 3402 nere
261 3341 387 3403 voluit:
406 3343 463 3404 sed
478 3342 584 3404 solitis
595 3342 857 3404 adversariorum
867 3340 994 3402 artibus
1004 3358 1085 3402 usus
1097 3341 1176 3401 civi-

170 3459 246 3520 tatis
262 3458 499 3534 gubernatores
513 3459 696 3538 in'cusavit3
719 3475 817 3537 quam
838 3458 867 3519 si
883 3456 990 3518 libelli
1007 3459 1111 3519 nostri
1127 3475 1175 3518 ra-

172 3575 296 3635 tionem
312 3563 433 3638 habere,
448 3575 544 3657 velis,
571 3592 636 3636 non
656 3572 796 3634 minime'
810 3573 885 3652 ista,
903 3571 1021 3650 quibus
1037 3573 1176 3633 refertus

169 3699 219 3751 est
238 3689 388 3770 libellus,
414 3690 494 3752 vitia
518 3691 688 3771 ipsiusque
708 3689 864 3751 orationis
881 3688 1007 3767 species
1021 3705 1058 3748 ac
1072 3689 1177 3749 forma

169 3806 383 3884 explicantur.
477 3817 479 3823 ·

214 3921 321 4000 Hujus
337 3922 505 4001 opinionis
522 3930 630 3983 tamen
650 3920 792 3982 Cobetus
819 3918 1013 3980 obtrectator
1036 3919 1174 3999 exstitit,

168 4052 242 4098 cum
261 4036 469 4097 subrisnrum
493 4035 597 4097 fuisse
622 4033 790 4096 Eubulum
815 4035 893 4095 ad«
925 4034 1179 4111 magnificentas

179 4150 186 4179 Ι
