2798 4980
474 426 698 491 -.38-

83 568 205 630 linibus
227 567 273 630 ali
294 571 434 648 possint.
459 570 554 643 Quod
573 570 655 650 ipsis
675 570 785 632 verbis
806 571 1011 650 propositum
1032 571 1090 634 ba-

82 683 154 746 buit
171 683 287 746 libelli
310 685 415 747 nostri
443 693 556 748 auctor
572 683 593 745 ¹.
625 684 719 746 Novo
744 683 952 765 publicarum
977 704 1092 750 rerum

83 799 182 860 statui
209 816 293 862 nova
319 798 529 879 publicarum
557 798 773 880 pecuniarum
808 799 912 864 formu
940 801 1092 883 ratioque

4 960 14 980 .
83 913 357 976 accommodanda
372 922 441 977 erat
458 933 465 974 :
483 913 568 976 hanc
579 909 668 975 ’3333
684 911 749 977 355
764 914 836 994 1333
851 932 960 977 131311
976 934 1091 981 33333·

84 1025 164 1089 31133
179 1026 380 1108 imponebat,
404 1028 573 1091 3113331311
590 1028 679 1091 bello
702 1037 782 1091 orta.
801 1028 901 1110 Quid,
919 1044 1044 1114 333333,
1062 1033 1092 1095 31

84 1142 240 1205 libellum
262 1160 348 1205 enno
371 1139 436 1206 346
460 1145 621 1223 scriptum
645 1152 779 1228 statuas,
806 1145 872 1207 sibi
892 1145 1019 1211 vellent
1045 1156 1093 1212 tot

84 1258 162 1338 loci,
173 1258 292 1337 quibus
302 1259 453 1343 scriptor,
468 1261 565 1322 initio
576 1261 706 1340 fineque
715 1259 836 1344 libelli,
849 1262 936 1325 cives
945 1262 1096 1327 hortatur

85 1383 122 1437 ut
137 1375 254 1436 ceteris
271 1374 395 1438 Graecis
411 1377 521 1438 minus
537 1378 691 1458 suspecti,
715 1378 773 1439 sed
789 1377 949 1455 gratiores
965 1387 998 1441 31
1011 1382 1093 1441 3131·

86 1488 192 1553 313133
206 1491 284 1553 fiant
295 1488 333 1553 ²?
348 1491 421 1564 Quo
438 1480 565 1571 spectat
576 1492 780 1572 'injuriarum
796 1493 897 1556 sociis
920 1493 1094 1558 illatarum

86 1606 365 1686 commemoratio,
381 1607 450 1668 nisi
465 1619 503 1671 ex
517 1607 654 1687 injuriis
668 1607 740 1670 illis
755 1609 867 1685 gravia
881 1600 1095 1690 recentiaque

87 1722 284 1784 detrimenta
303 1721 491 1801 respublica
509 1718 676 1802 cepisset?
692 1723 771 1785 Haec
786 1740 946 1786 novorum
963 1743 1096 1787 morum

87 1837 366 1899 instituendorum
387 1855 476 1919 cura,
500 1837 572 1901 haec
592 1838 794 1900 admotarum
812 1839 978 1918 quondam
993 1838 1029 1901 in
1044 1858 1097 1904 so·

89 1951 156 2015 cios
173 1953 295 2014 artium
307 1952 487 2033 damnatio,
509 1952 578 2014 11333
597 1952 848 2032 quaerendorum
870 1971 1031 2017 novorum
1045 1974 1097 2018 re·

89 2066 220 2130 dituum
243 2067 387 2130 fontium
412 2066 623 2151 sollicitudo,
649 2071 690 2131 ad
712 2070 800 2149 quod
821 2077 952 2149 tempus
973 2070 1099 2133 melius

90 2182 290 2245 conveniunt
315 2200 412 2263 quam
436 2183 477 2245 ad
501 2201 625 2245 annum
647 2183 746 2246 illum
768 2180 846 2266 355,
873 2201 937 2264 quo
960 2185 1098 2266 inJ'uriis
1204 2252 1208 2261 ,

90 2298 162 2362 11113
177 2299 308 2361 accensi
327 2299 412 2361 socii
426 2299 625 2382 deiecerant,
646 2317 711 2380 quo
732 2309 897 2364 corruerat
919 2300 1101 2382 imperium

91 2415 179 2477 illud
198 2415 324 2477 tamdiu
341 2414 502 2477 violentia
521 2416 706 2496 defensum,
731 2416 946 2496 exhaustique
966 2417 1102 2482 fuerant

58 2544 71 2570 ⁴
91 2532 249 2612 praecipui
263 2530 383 2610 quibus
400 2530 548 2593 alebatur
562 2533 677 2593 civitas
692 2532 859 2594 redituum
869 2533 988 2596 fontes.

135 2647 260 2729 Objicit
283 2648 508 2728 Holzapielius
528 2655 560 2710 et
581 2645 750 2711 3333346
770 2667 863 2712 novae
881 2649 1099 2730 pecuniarum

90 2764 295 2847 publicarum
311 2765 567 2828 ordinandarum
582 2767 701 2828 rationi
712 2763 819 2829 locum
829 2774 860 2828 31
870 2766 1101 2829 necessitatem

90 2859 229 2943 fuisse³.
253 2879 329 2942 Non
350 2880 431 2942 adeo
452 2881 541 2941 enim
562 2880 740 2942 imminuta
757 2881 862 2942 131333
882 2880 1100 2960 33313331313

92 2998 219 3061 bellum
246 2996 354 3060 soluta
385 2998 426 3059 ab
455 2997 620 3059 insulanis
651 2982 824 3073 uectigalia
854 2996 1034 3079 contendit,
1067 3007 1100 3060 31

91 3130 191 3194 31333
206 3121 338 3176 centum
358 3112 410 3173 vel
429 3113 610 3190 nonaginta
629 3112 824 3174 1313313133
846 3111 1020 3192 pecuniam
1037 3088 1096 3176 ‘ad-

93 3231 159 3293 buc
173 3236 317 3291 exactam
327 3228 443 3290 131333.
457 3223 1098 3312 6311331333333506311331131333111,

94 3355 162 3409 tum
189 3363 265 3407 vere
293 3341 456 3423 συντάξεις
482 3344 676 3407 deiecerunt
702 3362 709 3404 :
740 3344 911 3426 sexaginta
927 3343 1098 3427 primum,

93 3460 191 3541 33313
203 3467 277 3540 3331
292 3475 378 3520 3333
394 3455 458 3519 346
473 3459 618 3538 quinque
634 3466 665 3520 et
679 3457 895 3538 quadraginta
906 3464 1034 3519 tantum
1051 3466 1099 3521 ta-

94 3575 184 3639 lenta
211 3595 230 3638 a
256 3575 355 3637 sociis
380 3573 622 3636 solvebantur:
648 3592 721 3653 quae
746 3574 864 3634 damna
891 3573 1104 3636 resarcienda

95 3693 234 3771 scriptor
247 3699 359 3752 noster
371 3689 583 3770 potissimum
597 3690 632 3750 in
643 3690 754 3752 animo
765 3680 893 3750 habuit.
906 3687 1006 3750 Addit
1018 3687 1101 3752 Hol-

133 3888 156 3938 1.
176 3887 254 3949 Vact„
273 3888 290 3950 l,
311 3887 334 3937 l.
355 3944 357 3949 7

131 3979 157 4026 2.
176 3976 254 4037 Vect,
271 3976 289 4036 l,
311 3976 341 4037 13
359 3975 394 4037 ll,
416 3976 439 4025 l.

132 4063 275 4125 3111131,
293 4077 319 4128 p.
335 4066 395 4114 267.
