2798 4980
519 885 675 949 ¹oenum
701 877 775 949 ni.⁵
812 867 820 887 ‘

257 1102 329 1153 ouis
355 1102 483 1154 tuenti*
501 1101 587 1144 enno
611 1080 677 1148 355
702 1101 814 1145 escun
838 1103 1044 1145 ruenroaeuu

442 1258 688 1304 ATHENIENSIUM
712 1261 846 1305 STATUS.

191 1489 433 1554 Commemorat
465 1489 573 1552 libelli
602 1490 708 1552 nostri
732 1498 844 1552 auctor
876 1490 949 1553 loco
970 1489 1012 1572 V‘,
1036 1487 1055 1552 8
1078 1492 1151 1552 uni·

147 1624 272 1668 versam
287 1624 399 1669 rerum
409 1607 445 1666 in
456 1607 583 1668 Graecia
597 1606 887 1687 perturbationem,
901 1623 976 1686 qua,
991 1606 1152 1668 sententia

148 1741 219 1806 sua,
246 1723 317 1784 sine
341 1721 464 1802 labore,
489 1722 560 1784 eine
580 1720 742 1802 periculo,
768 1721 840 1783 sine
864 1730 996 1801 sumptu
1020 1720 1153 1784 Graecos

147 1838 213 1900 sibi
234 1856 348 1900 rursus
369 1838 548 1919 adjungere
567 1837 790 1899 Athenienses
809 1837 962 1917 possint:
986 1855 1058 1916 quae
1080 1838 1151 1917 qui-

147 1952 222 2014 dem
235 1951 334 2014 verba
357 1950 585 2032 Holzapselius
603 1951 645 2012 ad
663 1969 787 2012 annum
806 1948 871 2012 346
892 1952 1052 2034 referens,
1080 1952 1152 2014 nul·

147 2067 213 2130 lam
243 2068 532 2148 significationem,
559 2067 587 2127 si
611 2065 766 2128 libellum
790 2084 876 2129 anno
901 2064 966 2129 355
999 2069 1155 2147 scripturn

147 2191 279 2265 statuas,
296 2181 416 2244 habere
432 2183 601 2244 contendit
612 2180 633 2242 ¹.
654 2179 807 2245 Concedo
818 2182 974 2262 equidem
988 2199 1074 2245 anno
1090 2179 1154 2244 346

146 2299 267 2361 multas
296 2299 431 2361 Graeciae
456 2298 658 2378 respublicas
682 2299 781 2362 bellis
807 2299 976 2380 turbisque
1001 2300 1155 2362 civilibus

139 2417 281 2494 agitatas
304 2416 425 2497 fuisse3
448 2417 591 2478 concedo
612 2425 687 2479 tune
711 2417 851 2496 Argivos
874 2426 905 2478 et
920 2416 1105 2505 Messenios
1125 2426 1156 2479 et

150 2533 394 2614 Megalopolitas
425 2507 594 2612 Spartanis
618 2533 769 2595 infensos
794 2533 922 2615 fuisse3
954 2534 1097 2596 correedo
1123 2542 1156 2596 et

148 2648 288 2723 Argivos
310 2646 466 2709 civilibus
488 2646 664 2709 discordiis
686 2646 897 2710 laboravisse.
916 2647 1005 2721 Quid
1020 2646 1156 2711 tamen?

151 2761 196 2822 lix
218 2763 364 2825 oratione
384 2761 444 2824 ille
465 2781 484 2824 a
504 2763 728 2826 Demosthene
751 2779 788 2824 eo
812 2764 882 2842 ipso
906 2781 992 2824 anno
1016 2764 1055 2825 de
1079 2781 1157 2843 pace

140 2879 263 2940 habite
286 2879 492 2958 exploremus
511 2881 625 2960 quales
641 2899 679 2942 ex
695 2880 755 2941 tali
771 2868 965 2943 confusione
990 2898 1064 2963 spes
1085 2900 1156 2960 per·

151 2994 258 3072 cipere
273 2993 493 3056 Athenienses
512 3001 656 3072 possent.
681 2993 920 3074 Peloponnesii
940 2972 1074 3074 quidem
1097 2995 1157 3056 Le·

150 3110 361 3171 cedaernoniis
391 3111 644 3191 succensebant,
677 3110 735 3171 sed
775 3109 878 3172 multo
921 3111 1026 3188 magis
1051 3110 1183 3179 adbuc,

139 3225 412 3287 ‘Atheniensibus
441 3225 566 3287 intensi
596 3233 689 3287 erant
720 3246 726 3285 :
760 3225 913 3287 Thessali
944 3220 1159 3305 Thebanique

71 3345 75 3353 '
152 3339 377 3402 Phocensium
396 3341 472 3402 odio
490 3340 682 3421 flagrabant,
705 3340 762 3401 sed
784 3339 890 3402 multo
919 3342 1025 3417 magis
1051 3341 1159 3403 adhuc

152 3456 410 3524 Atheniensibus
427 3457 556 3518 inimici
572 3455 692 3538 erent2,
710 3458 959 3537 timendumque
981 3465 1104 3519 eratne
1121 3476 1159 3518 ex

153 3571 416 3635 Phocensibello
429 3588 638 3634 communem
647 3579 840 3651 praetextum
853 3572 1072 3653 invenientes,
1087 3572 1159 3632 uni-

152 3689 251 3766 versi,
284 3688 420 3767 privetis
444 3688 567 3768 quique
590 3688 726 3750 offensis
755 3688 842 3767 irati,
875 3689 1043 3750 communi
1073 3686 1160 3749 bello

195 3952 217 4001 l.
234 3948 342 4011 Philet,
359 3961 383 4012 p.
402 3951 460 4000 259.

192 4042 216 4089 t.
232 4035 377 4096 Demostb.,
394 4037 428 4086 De
441 4036 517 4096 Poro,
537 4037 624 4086 tlt-tt.
