2798 4980
478 349 859 464 *aa-⁴

160 556 431 629 temporenostro
447 547 578 609 veritati
599 553 771 627 repugnet,
793 543 879 622 apud
901 551 1028 604 veteres
1055 551 1164 604 tamen

160 685 234 730 cum
245 664 376 728 usitatis
385 680 596 726 nummorum
606 661 789 724 rationibus
802 661 924 739 optime
936 658 1163 722 conveniebat.

161 781 268 844 Multa
287 777 352 842 alia
376 796 448 858 quae
472 778 509 839 in
533 777 651 840 libello
674 779 887 858 proferuntur
902 793 967 837 uon
983 775 1063 838 adeo
1083 793 1166 837 vana

162 894 380 960 existimanda
401 892 506 957 sunt¹.
534 894 585 956 Ne
607 895 704 956 nobis
725 894 811 955 dicat
833 891 986 975 Cobetus,
1007 891 1093 954 nihil
1107 892 1165 955 ho·

162 1032 236 1074 rum
258 1028 331 1090 quae
358 1018 585 1090 proponuntur
605 1008 772 1072 Eubulum
789 1027 936 1088 unquam
950 1008 1081 1093 fecisse,
1101 1011 1164 1094 vel,

138 1201 141 1205 y
163 1131 192 1190 si
207 1130 277 1209 ipse
293 1126 362 1213 sepi
379 1125 477 1212 πόρων
498 1126 642 1188 scribere
662 1127 836 1208 voluisset,
853 1126 951 1204 longe
971 1127 1036 1190 alia
1051 1128 1166 1189 afferre

164 1245 331 1306 debuisse.
349 1241 455 1304 Multa
469 1243 504 1303 in
519 1243 626 1322 majus
637 1250 743 1322 aucta,
757 1243 907 1320 quaedam
918 1244 1071 1320 imperite
1080 1236 1167 1307 (licta

163 1358 306 1421 libenter
320 1330 545 1437 concedimus,
568 1373 641 1436 qnae
668 1357 824 1420 orationis
850 1358 959 1436 specie
984 1358 1168 1438 scriptoris-

165 1493 229 1556 que
243 1480 352 1534 mente
369 1472 447 1533 satis
464 1470 689 1550 explicantur:
717 1478 748 1532 at
771 1489 842 1551 quta
864 1472 1005 1534 consilia
1018 1472 1168 1534 Eubulus

167 1588 206 1650 de
221 1586 483 1650 administranda
497 1585 664 1665 republica
679 1588 861 1666 praesertim
881 1587 1084 1670 informavit,
1101 1603 1169 1648 om·

167 1705 223 1765 nia
237 1703 274 1765 in
287 1701 404 1764 libello
419 1701 578 1763 invenias.
594 1702 614 1764 J
617 1719 775 1781 amsnpra
785 1702 1082 1764 demonstravimus
1102 1720 1169 1764 orn*

167 1819 260 1881 nium
274 1834 359 1899 qnae,
377 1813 508 1878 Eubulo
523 1824 666 1898 auctore,
682 1817 722 1877 ad
736 1818 974 1895 rempublicam
992 1816 1172 1897 juvandam

168 1934 354 2015 factasunt,
372 1934 564 2012 scriptorem
577 1941 724 1994 nostrum
733 1951 799 1995 uno
810 1932 915 2012 capite
926 1951 1037 1994 veram
1054 1932 1170 2008 imagi·

170 2067 247 2111 nem
267 2048 503 2128 proposuisse:
531 2054 562 2109 et
588 2048 616 2108 si
640 2065 753 2108 verum
778 2047 886 2109 libelli
908 2048 1111 2128 propositum
1136 2048 1171 2107 in

171 2164 269 2228 breve
285 2183 399 2243 cogere
414 2163 510 2246 velis,
530 2165 588 2226 has
613 2167 791 2228 sententias
814 2167 998 2245 praesertim
1012 2165 1047 2226 iu
1061 2165 1172 2227 lucem

173 2282 312 2362 proferri
338 2282 463 2365 videas,
490 2283 609 2363 quibus
634 2282 785 2345 Eubulus
809 2284 917 2362 reipsa
936 2282 1176 2363 rempublicam
1229 2366 1232 2373 Ι

173 2398 444 2460 administravit:
470 2405 506 2460 ut
528 2416 642 2477 pacem
663 2400 865 2461 observando
883 2399 1106 2461 Athenienses
1125 2418 1175 2462 ce-

174 2522 320 2576 terorum
343 2511 533 2574 Graecorum
560 2513 741 2574 amicitiam
764 2514 829 2575 sibi
852 2513 1044 2595 concilient,
1067 2522 1103 2576 nt
1125 2533 1177 2594 pe-

149 2653 151 2656 ·
176 2630 289 2692 cunias
299 2628 446 2709 publicas
461 2630 695 2708 benegerendo
705 2631 811 2692 otium
825 2649 898 2692 cum
914 2631 1074 2708 dignitate
1092 2640 1178 2693 tran-

176 2745 379 2826 quillamque
395 2745 590 2809 felicitatem
604 2747 791 2827 respublica
805 2749 920 2827 capiat.

222 2862 297 2923 Jam
322 2861 363 2922 ad
393 2862 492 2923 tinem
518 2861 621 2938 igitur
644 2863 837 2942 quaestionis
860 2864 1083 2942 pervenimus.
1109 2864 1180 2938 Quo

180 2995 252 3056 quae
273 2978 498 3039 demonstrare
520 2978 688 3040 voluimus
703 2980 898 3041 utbreviter
913 2980 1179 3060 complectamur,

182 3094 250 3156 haec
265 3095 306 3156 de
323 3093 440 3156 libello
455 3101 568 3156 nostro
585 3096 758 3156 statuenda
780 3095 874 3158 nobis
889 3096 1054 3158 videntur.
1074 3096 1182 3175 Scrip-

182 3220 232 3273 tns
247 3218 296 3272 est
311 3209 441 3272 ultimis
456 3210 536 3271 anni
561 3207 625 3273 355
649 3210 777 3293 diebus,
799 3211 866 3291 jam
893 3220 1046 3291 occupato
1062 3230 1079 3273 a
1098 3213 1183 3275 Pho-

183 3325 336 3388 censibus
360 3324 523 3403 Delphico
543 3324 690 3403 templo:
718 3344 737 3386 a
760 3327 935 3387 terminato
960 3325 1079 3387 sociali
1096 3325 1184 3388 bello

181 3442 249 3523 jam
272 3439 400 3519 aliquot
424 3456 555 3500 meuses
579 3439 848 3522 intercesserunt,
872 3444 1006 3520 jamque
1031 3448 1186 3520 apparent

186 3552 270 3620 certi
279 3555 601 3637 proventus,quibus
612 3554 695 3615 bene
706 3555 929 3618 administrati
938 3556 1035 3619 facile
1047 3573 1188 3634 augean-

186 3682 239 3736 tur
253 3671 379 3752 publici
394 3669 805 3757 Atheniensiumreditus.
823 3672 1073 3750 Perspiciuntnr
1088 3672 1189 3733 simul
1256 3707 1259 3712 -

188 3791 382 3868 gravissima
397 3790 608 3867 detrimenta,
625 3804 698 3866 qnae
714 3806 752 3849 ex
776 3785 1025 3865 Aristophontis
1049 3788 1190 3848 auctori·

229 4047 460 4111 1.Zurb0rg.,op.
476 4047 563 4109 land„
580 4050 669 4099 att-tc.
