2798 4980
559 468 602 477 ,.
647 430 688 493 51
737 467 778 478 ..

169 576 248 658 imo,
267 583 301 638 ut
324 576 489 656 propriam
515 576 724 638 securitatem
745 568 1004 637 litbeuiensium
1024 549 1172 638 amicit-ia

95 762 100 771 Ι
170 692 372 772 confirment,
401 701 529 772 ereptas
558 692 705 753 civitates
734 690 820 754 ultro
848 690 1041 770 reipublicae
1080 692 1173 752 resti·

169 815 262 870 tuent
274 804 294 868 ¹.
313 806 367 869 Sic
382 806 463 868 felix
480 806 680 888 respublica,
698 824 770 886 quae
793 805 881 868 bello
896 808 1061 888 amiserat,
1080 807 1174 868 novis

171 922 259 1002 pacis
281 922 407 984 artibus
436 921 535 984 facile
559 923 714 1000 recipiet:
742 922 790 983 sic
815 919 979 1003 hostium,
1001 922 1058 1000 qui
1082 919 1175 982 falsis

170 1037 366 1099 criminibus
391 1038 558 1099 civitatem
588 1035 796 1118 insimulant,
819 1034 1001 1099 calumnias
1020 1036 1175 1098 refutabit

171 1161 203 1214 et
217 1152 334 1216 bonam
361 1153 481 1215 lamam
498 1170 725 1233 summamque
747 1151 880 1214 laudem
903 1171 963 1232 per
986 1154 1175 1215 universam

171 1267 334 1331 Graeciam
356 1269 485 1351 adepta,
511 1267 649 1331 Graeciae
669 1268 891 1347 principatum
911 1267 995 1330 ultro
1014 1267 1054 1329 ab
1070 1267 1175 1329 omni-

171 1383 232 1446 bus
263 1381 428 1446 delatum'
452 1383 667 1464 recuperabit.
694 1382 866 1444 iustitiam
896 1381 1046 1462 colende,
1081 1400 1176 1462 opem

172 1498 308 1561 ferendo
323 1498 501 1582 oppressis,
517 1515 579 1560 nee
593 1499 774 1579 quidquam
784 1499 886 1560 alieni
901 1498 1173 1582 concupiscendo,

172 1614 321 1675 omnium
339 1612 528 1676 Graeoorum
544 1613 661 1676 salutis
671 1613 895 1694 libertatisque
907 1614 1059 1677 custodes
1074 1614 1175 1676 Atbe·

172 1729 306 1791 nienses
322 1729 542 1810 videbuntur3
568 1737 599 1791 et
620 1730 737 1809 siquis
757 1730 881 1809 inJ'uria
902 1738 948 1792 tot
962 1747 1000 1792 ac
1015 1737 1176 1792 tantorum

170 1844 331 1907 bonorum
354 1851 501 1907 auctores
523 1843 634 1925 laedat,
651 1845 815 1907 universae
838 1845 974 1928 Graecia
996 1851 1055 1924 pei·
1077 1845 1176 1908 illum

174 1965 373 2020 conservatae
395 1957 520 2019 auxilio
536 1957 652 2020 civitas
668 1958 839 2040 innitetur,
860 1966 891 2020 et
911 1958 1044 2021 Graecos
1058 1959 1175 2021 unani·
1281 2005 1284 2010 .

108 2156 112 2164 Ι
172 2091 255 2154 mes,
268 2073 435 2152 supplices
446 2073 718 2136 adAthenienses
735 2074 976 2157 confugientes,
996 2075 1103 2137 socios
1119 2074 1174 2136 hn-

171 2185 290 2250 bebit⁸.
515 2273 518 2278 .

216 2301 417 2383 Hujusmodi
447 2301 662 2364 consiliorum
689 2311 809 2383 quanta
836 2303 880 2364 sit
907 2303 1049 2385 vanitas,
1079 2319 1177 2382 quarn

173 2416 287 2479 inanes
303 2417 370 2479 sint
385 2435 458 2497 spes
473 2417 555 2500 illae,
566 2417 954 2497 quibusAthenieusium
964 2419 1092 2480 animos
1108 2418 1176 2480 Iso·

174 2542 277 2594 crates
300 2532 427 2610 erigere
449 2532 570 2615 studet,
597 2533 677 2594 satis
707 2551 870 2613 superque
904 2533 1026 2612 liquet,
1057 2532 1178 2602 talibus

174 2654 284 2708 tamen
312 2646 550 2709 blandimentis
580 2648 637 2709 isti
665 2646 834 2728 popularis
863 2665 949 2711 auree
981 2646 1178 2727 captatores4

175 2760 354 2840 plurimum
368 2763 455 2843 apud
469 2762 627 2843 populum
642 2762 805 2826 valebant.
827 2764 888 2824 His
909 2761 1035 2825 artibus
1056 2762 1180 2836 Eubuli,

174 2877 274 2940 factio
303 2879 417 2941 crevit.
450 2876 546 2941 Certa
582 2858 822 2959 praesentiaque
861 2878 948 2941 mala
981 2896 1178 2941 commemo·

176 2994 287 3076 rando,
305 2992 495 3072 splendidas
511 2995 547 3055 in
566 2993 712 3055 futurum
735 2993 995 3081 pollicitationes,
1012 2993 1177 3075 jactando,

177 3110 266 3169 omni
300 3110 396 3172 modo
431 3110 657 3172 laudationem
689 3112 779 3189 pacis
814 3116 1081 3188 argumentorum
1109 3109 1180 3172 loco

176 3221 367 3309 afferendo⁵,
384 3226 498 3306 populi
512 3226 650 3304 gratiam
664 3226 711 3286 ita
726 3225 791 3286 sibi
813 3225 1013 3306 conciliavit,
1035 3234 1072 3286 ut
1088 3225 1179 3284 Aris·

177 3341 369 3420 tophontem
392 3341 534 3404 invitum
550 3359 664 3420 pacem
683 3341 789 3402 facere
808 3348 951 3418 cogeret.
982 3340 1093 3401 Primo
1109 3356 1181 3401 snc-

178 3472 272 3518 cessu
287 3456 376 3537 elati,
392 3458 500 3519 acrius
517 3458 553 3519 in
568 3438 732 3520 certamen
747 3456 867 3518 iisdem
881 3456 1008 3518 artibus
1025 3455 1181 3518 incubue-

180 3599 389 3621 ...1--.,.

218 3704 241 3752 1.
258 3701 348 3765 Iseon,
365 3703 477 3768 Sanina,
494 3707 536 3765 22,
554 3705 597 3755 23.

217 3793 242 3842 2.
258 3789 336 3854 ibid„
354 3795 396 3853 30,
416 3793 475 3843 135.

217 3877 339 3941 3.1oid.,
359 3880 486 3932 tei-141.

215 3967 242 4017 l.
258 3966 404 4030 Demostb.,
421 3967 525 4031 Chora,
546 3971 586 4019 70.

219 4061 243 4107 i.
259 4055 405 4121 Demostb.,
421 4057 534 4120 Defals.
549 4058 611 4120 leq„
629 4058 670 4106 88.
