2798 4980
536 422 752 487 -.59-

137 573 225 651 phou
246 593 375 637 summa
395 577 581 638 reverentia
601 575 719 638 coluit.
745 575 842 640 Hunc
857 577 956 641 deum
971 577 1146 662 qnondam,

141 704 215 750 cum
229 690 363 770 juvenis
378 709 497 771 anceps
515 691 551 752 in
568 692 680 753 animo
698 699 839 754 verteret
858 710 899 754 an
920 691 999 774 Cyri
1020 693 1151 774 expedi-

141 802 223 864 tioni
252 821 325 865 sese
348 802 528 885 adjungere
551 805 696 886 deberet,
719 805 840 867 iisdem
853 806 933 888 fere,
949 807 1151 871 cautioribus

142 917 290 999 quidem,
315 918 438 1001 verbis,
464 921 585 1000 quibus
606 939 695 982 nunc
721 921 838 1003 utitur,
856 921 1078 1004 consuluerat,
1096 923 1150 985 cui

143 1035 279 1097 deorum
297 1052 388 1097 sacra
404 1054 582 1116 precesque
597 1037 708 1116 ferret,
732 1045 769 1099 ut
787 1038 928 1116 incoepta
942 1038 1064 1118 optime
1079 1056 1151 1118 per-

141 1149 302 1212 liceret¹:
332 1151 432 1232 huJus
451 1170 581 1234 quoque
600 1153 654 1214 dei
678 1152 848 1215 oraculum
869 1155 1153 1234 sempersanctis-

140 1268 266 1330 simum
281 1267 430 1332 hahuit2.
447 1268 542 1330 Adde
565 1278 597 1330 et
618 1270 653 1329 in
673 1267 748 1330 aliis
769 1268 1000 1349 Xenophontis
1022 1272 1150 1349 scriptis

137 1384 227 1447 idem
252 1401 407 1464 apparere
433 1385 583 1447 deditum
608 1386 648 1446 ad
672 1385 869 1464 religionem
893 1387 1076 1465 ingenium.
1109 1387 1149 1448 lit

139 1503 296 1564 extremis
312 1501 529 1582 Hipparclrici
544 1503 653 1564 verbis
672 1503 779 1565 divini
796 1503 953 1565 numinis
964 1520 1024 1583 ope
1048 1504 1149 1566 susci-

137 1616 277 1696 piendas
294 1635 365 1678 esse
380 1619 564 1697 propositas
580 1635 632 1679 res
647 1619 788 1698 scriptor
799 1617 938 1698 voluit³3
951 1618 1070 1680 iisdem
1084 1618 1150 1680 lere

136 1731 464 1811 verbispublicarum
476 1732 739 1812 militariumque
751 1751 861 1794 rerum
870 1734 1149 1823 virperitissimus

140 1847 266 1908 humili
291 1848 405 1909 animo
435 1846 653 1910 consiliorum
683 1847 836 1910 effectum
859 1847 971 1909 divino
997 1848 1150 1926 suffragio

138 1962 356 2024 commendat.
507 1955 510 1964 '

187 2088 437 2167 Agriculturam
465 2088 587 2150 scimus
611 2087 824 2167 Xenophonti
850 2103 979 2167 semper
1007 2089 1150 2150 maxime

140 2203 344 2267 laudabilem
359 2205 465 2266 visam
482 2223 553 2267 esse
565 2203 588 2286 ⁴,
604 2203 698 2284 cujus
709 2221 838 2283 quoque
855 2204 891 2265 in
906 2203 1021 2266 libello
1035 2211 1148 2266 nostro

138 2338 198 2383 nec
221 2320 395 2382 minimam
416 2321 551 2401 quidem
575 2321 737 2382 rationem
759 2320 897 2397 scriptor
919 2319 1046 2382 habuit.
1071 2319 1147 2383 Non

138 2436 235 2517 plane
251 2438 406 2517 equidem
419 2438 582 2517 perspicio
596 2454 661 2516 quo
673 2436 769 2498 modo
783 2434 954 2512 Hagenius
970 2435 1096 2497 nullam
1111 2437 1147 2497 in

137 2554 254 2618 libello
280 2554 490 2634 agriculturae
515 2554 718 2615 mentionem
741 2569 912 2614 occurrere
934 2550 1144 2635 crediderit⁵,

139 2689 199 2733 nec
215 2690 273 2733 cur
290 2671 489 2748 Zurborgius
504 2669 752 2749 agriculturam,
766 2675 801 2728 ut
813 2667 854 2728 ad
868 2668 1034 2744 augendas
1045 2667 1146 2729 Athe·

138 2789 307 2850 niensium
332 2805 409 2866 opes
434 2788 545 2848 minus
568 2784 783 2865 profuturam,
810 2785 905 2864 quasi
932 2784 1029 2863 plane
1053 2783 1147 2846 sileri

141 2905 307 2967 existimet
317 2902 340 2964 ⁶.
361 2903 451 2978 Quin
466 2904 532 2964 imo
546 2902 726 2983 majoribus
737 2902 847 2963 lorsan
857 2918 955 2981 quam
963 2900 1154 2964 verioribus

140 3020 295 3083 laudibus
317 3021 432 3098 patriae
454 3028 546 3080 terrae
568 3027 718 3081 naturam
740 3035 875 3079 ornasse
895 3017 981 3078 mihi
1002 3018 1143 3099 videtur,

144 3155 219 3199 cum
234 3137 358 3199 multas
374 3135 505 3197 arbores
527 3153 598 3213 quae
620 3134 702 3196 alibi
719 3152 762 3197 ne
779 3135 977 3213 proveniunt
997 3133 1143 3216 quidem,

139 3319 349 3328 *-

176 3437 199 3484 1.
217 3434 310 3494 datad„
332 3431 373 3494 lll,-
397 3434 419 3492 1,
441 3436 494 3494 5-6,
521 3429 566 3480 τίνι
589 3423 616 3479 ἄν
638 3429 698 3479 θεῶν
722 3428 786 3479 θύων
812 3428 852 3478 aul
875 3422 1008 3498 εὐχόμενος
1026 3424 1148 3477 κάλλιστα

136 3512 177 3564 καὶ
192 3507 281 3581 ἄριστα
302 3508 369 3566 ἔλθοι
390 3508 431 3575 τὴν
453 3506 510 3560 ὁδὸν
524 3511 553 3574 ἣν
569 3503 667 3561 ἐπινοεῖ.
685 3508 723 3563 cl.
743 3511 824 3571 Vect„
841 3507 878 3570 lll,
895 3513 920 3571 3,
938 3501 1062 3576 ἐπερωτᾶν
1081 3507 1147 3564 τίνας

136 3592 195 3642 θεῶν
211 3590 420 3660 προσποιούμενοι
435 3593 514 3641 ταῦτα
528 3585 651 3640 κάλλιστα
666 3588 708 3639 καὶ
724 3582 813 3656 diptota
827 3584 976 3656 πράττοιμεν
991 3581 1028 3637 iv.

171 3686 197 3734 2.
213 3682 307 3744 decb,
327 3681 351 3743 ll,
369 3684 393 3743 3,
412 3682 446 3743 5;
464 3681 501 3742 Vl,
518 3681 543 3742 2,
563 3685 588 3733 5.

173 3776 197 3824 3.
215 3769 367 3834 Hipparclt„
383 3769 425 3832 lX,
443 3771 498 3820 8-9.

173 3863 199 3911 l.
217 3857 324 3920 droiset
342 3858 494 3923 Xenophon.
510 3853 588 3918 Paris,
609 3855 684 3917 1873,
702 3868 729 3919 p.
750 3855 797 3907 166
812 3868 872 3920 sqq.

176 3953 201 3999 ἱ).
219 3949 307 4010 Hagen
324 3947 390 4011 (Eoo,
412 3948 458 3998 159
474 3955 557 4011 sqq).

177 4041 201 4087 6.
216 4035 341 4099 Zurborg,
359 4040 390 4089 33
407 4048 465 4102 sqq.
