2798 4980
575 693 723 758 CAPUT
748 696 788 759 V.

284 909 347 961 Qua
373 910 483 954 MENTE
508 909 662 954 uumerus
686 909 736 953 SIT
762 910 917 955 LIBELLUS
941 909 1078 954 NOSTER.

177 1224 180 1230 .
227 1137 265 1200 Si
288 1138 363 1219 quis
384 1137 523 1200 forsitan
548 1140 581 1200 iu
603 1140 658 1201 his
678 1140 883 1205 orationibus
899 1158 959 1202 nos
975 1141 1107 1218 lougius
1123 1142 1185 1203 im·
1248 1118 1253 1127 „

182 1264 324 1319 moratos
340 1274 411 1319 esse
426 1256 656 1339 reprehendat,
674 1274 741 1320 non
761 1275 893 1336 parvam
911 1257 1046 1337 quidem
1060 1258 1184 1321 utilita-

181 1378 248 1434 tem
262 1371 303 1433 ad
317 1371 558 1451 explanandum
569 1373 676 1435 libelli
686 1374 789 1436 nostri
799 1374 947 1436 animum
964 1374 1129 1453 percipere
1145 1393 1182 1435 ex

180 1488 250 1550 illis
257 1506 317 1551 nos
324 1506 419 1568 posse
427 1491 678 1568 respondemus.
692 1489 817 1571 Liceat,
828 1508 903 1569 pace
912 1499 1036 1570 nostra,
1048 1490 1184 1569 Holzap·

182 1604 298 1668 lelium
313 1603 467 1667 Isocratis
484 1606 669 1667 orationum
684 1623 760 1667 cum
770 1605 885 1667 libello
898 1613 1008 1668 nostro
1021 1623 1185 1685 compara-

181 1721 305 1783 tionem
320 1720 489 1803 irridere¹,
507 1722 696 1802 similiaque
721 1720 821 1782 verba
843 1738 881 1782 ex
902 1721 1069 1783 similibus
1085 1720 1186 1782 cladi-

180 1838 242 1899 bus
257 1837 386 1901 diverso
401 1846 545 1918 ternpore
560 1846 629 1900 orta
644 1855 715 1901 esse
735 1838 942 1900 cortteudere.
973 1836 1049 1899 Non
1064 1837 1189 1899 infitior

135 2001 137 2006 .
183 1952 336 2032 equidem
353 1954 517 2016 similium
531 1953 680 2016 locorum
694 1971 847 2035 messem,
867 1952 997 2032 qualem
1015 1952 1188 2015 Kanitzius

182 2069 432 2153 composuerit²,
451 2070 639 2133 uberiorem
654 2088 894 2149 nonnunquam
911 2087 1010 2147 quam
1024 2068 1187 2132 veriorem

183 2203 267 2268 esse,
286 2187 483 2265 doctumque
504 2186 662 2267 juvenem
684 2185 851 2246 interdum
873 2185 1046 2246 verborum
1067 2184 1185 2247 simili·

183 2301 297 2363 tudine
320 2303 470 2366 consulto
495 2287 669 2382 deceptum
692 2302 808 2384 luisse,
834 2301 1070 2362 sententiarum
1083 2319 1184 2380 repu-

179 2417 313 2493 guantia
328 2435 395 2478 uon
410 2419 487 2479 satis
503 2423 683 2496 perspecta.
701 2414 737 2476 Si
749 2423 859 2476 tamen
870 2407 1024 2491 diligenti
1041 2415 1183 2478 sincera·

179 2549 242 2611 que
256 2541 364 2594 mente
381 2532 416 2592 in
430 2531 623 2610 hujusmodi
647 2529 923 2608 comparationem
947 2507 1181 2612 incumbimus,

180 2647 351 2710 manifeste
376 2647 544 2728 apparebit
568 2648 653 2710 mira
675 2646 810 2726 quidem
835 2653 866 2708 et
891 2646 1129 2708 sententiarum
1153 2657 1185 2710 et
1234 2692 1237 2698 v

179 2760 458 2839 pollicitationum
472 2782 548 2826 eum
561 2762 716 2826 Isocratis
734 2760 921 2840 Eubulique
942 2761 1095 2824 consiliis
1109 2781 1182 2842 pro·

179 2876 355 2959 missisque
371 2877 479 2942 libelli
499 2881 604 2941 nostri
628 2878 826 2941 similitudo.
851 2877 891 2938 Et
912 2878 1052 2957 scriptor
1073 2886 1183 2940 noster

178 2968 303 3071 publici
318 2995 426 3056 aerarii
440 2994 629 3072 civiumque
645 2991 807 3074 inopiam³
817 3001 1075 3082 ¹ceterorumque
1092 2993 1180 3055 Grue-

179 3126 288 3171 corum
305 3110 341 3172 in
367 3110 587 3173 Athenienses
608 3107 788 3172 invidiam⁴
804 3117 1049 3191 commemorat,
1067 3117 1097 3170 et
1122 3107 1180 3170 ille

179 3233 281 3288 totum
295 3234 563 3303 argumentorum
587 3226 715 3304 pondus
736 3225 772 3285 in
797 3224 875 3286 illos
897 3224 1050 3287 homines
1072 3225 1178 3309 vertit,

177 3344 233 3423 qui
266 3343 354 3407 bello
390 3353 516 3406 tantum
541 3344 619 3406 satis
644 3344 810 3424 potentiae,
842 3343 950 3425 famae,
980 3343 1180 3407 celebritatis

176 3457 324 3520 Athenas
338 3460 374 3520 in
390 3460 518 3523 Graecia
531 3459 699 3522 habituras
724 3461 926 3523 contendunt
949 3468 980 3523 et
995 3461 1036 3522 ad
1050 3477 1180 3522 conser-

177 3572 318 3635 vandum
333 3576 508 3655 imperium
523 3559 653 3655 iujuriae
670 3568 834 3653 opus'esse
846 3582 1006 3656 asserunt,
1016 3574 1181 3657 justitiam

214 3801 237 3851 1.
252 3800 347 3852 Philet.
353 3813 401 3865 ‚p
418 3803 479 3852 ‘263

211 3886 511 3952 2.1111111,ορ.111(1.,
531 3889 647 3953 ptr-15.

212 3981 238 4029 3.
257 3978 324 4027 1111.
305 3975 389 4038 1,1,1
407 3977 458 4037 10;
478 3976 502 4036 V,
524 3977 564 4026 12.
580 3974 1176 4039 18011,111ομ,83;.11111.,19,16,1“1.

215 4069 338 4124 11111.
357 4066 373 4127 l,
393 4067 415 4115 l
433 4064 875 4128 111113,10,31.81111.,26
882 4065 948 4125 ,31,
965 4064 1008 4113 16.
