2798 4980
587 400 807 464 ..03-

195 546 582 629 Gleinigerusmonuit1,
600 543 741 608 debello
758 543 884 627 sociali,
900 563 975 609 cum
985 547 1025 630 V,
1045 547 1086 611 12
1103 550 1201 612 verba

194 664 336 746 audiret,
364 663 508 739 cogitare
532 656 719 742 potuisset?
746 685 760 715 ι
785 659 823 721 Si
841 659 930 723 110110
950 679 1026 724 cum
1043 664 1200 744 Philippo

194 786 286 856 gesto
300 777 425 840 reditus
440 776 537 840 multi
553 775 758 857 deficiebant,
772 791 868 837 nemo
882 775 949 837 nisi
959 777 1095 842 insanus
1106 797 1199 860 prop·

195 902 244 955 ter
267 912 380 974 pacem
404 911 478 956 cum
502 893 600 956 sociis
615 892 734 954 iactam
749 891 877 953 reditus
891 894 1005 970 augeri
1021 894 1130 957 dicere
1143 913 1198 975 po·

95 1022 99 1030 ·
195 1016 288 1092 terat,
307 1009 364 1070 sed
380 1018 511 1087 propter
524 1024 638 1086 pacem
654 1024 729 1068 cum
745 1004 899 1085 Philippo
916 1007 1063 1070 lactaml.
1086 1035 1100 1063 »

241 1122 321 1196 Quae
337 1140 413 1185 oum
429 1124 474 1184 ita
492 1123 569 1203 sint,
586 1139 685 1184 unam
710 1121 928 1214 eamdemque,
945 1141 1059 1202 pacem
1074 1124 1200 1197 dnobus

194 1238 276 1300 locis
291 1235 349 1319 IV,
366 1235 410 1302 40
425 1249 456 1300 01
470 1239 512 1319 V,
530 1236 573 1300 12
592 1237 774 1314 significari
792 1237 880 1299 nihil
900 1249 1072 1321 repugnat,
1091 1241 1208 1303 illam·

195 1374 258 1434 que
276 1343 361 1428 anno
378 1351 442 1417 355
462 1362 535 1434 post
551 1351 671 1415 sociale
693 1352 821 1414 bellum
842 1352 969 1416 initam.
986 1355 1029 1416 At
1052 1357 1198 1423 certiori-

194 1470 256 1532 bus
287 1469 393 1531 adhuc
427 1468 628 1545 argumentis
663 1467 873 1528 confirmatur
907 1470 1200 1550 comprobatur-qne
1250 1478 1252 1482 ‘

197 1585 359 1646 sententio
374 1592 502 1646 nostra:
521 1584 607 1663 qnod
622 1600 709 1644 nunc
724 1581 819 1644 nobis
831 1583 1119 1648 demonstrandum
1136 1595 1197 1649 est.

241 1700 289 1760 Ex
312 1697 463 1777 pluribus
503 1697 611 1760 libelli
633 1698 736 1760 nostri
764 1694 868 1759 locis³
892 1698 972 1759 satis
1006 1709 1132 1763 constat
1161 1720 1199 1766 eo

197 1831 295 1897 anno,
319 1831 383 1894 quo
404 1813 501 1876 verba
525 1814 645 1875 faceret
659 1820 782 1894 auctor,
800 1811 1064 1876 Atheniensibus
1086 1834 1200 1894 pacem

199 1930 315 1991 luisse.
333 1930 416 2004 Quis
432 1936 555 2008 autem,
572 1929 602 1990 si
617 1917 1199 2012 1101100101100101100,0011035500-

197 2047 244 2110 cis
269 2046 430 2109 beneficia
454 2044 661 2124 celebrasset,
688 2060 762 2104 curn
783 2044 852 2124 jam
875 2043 916 2105 ab
940 2061 1025 2106 anno
1053 2042 1198 2131 357s356

196 2168 346 2240 apertum
373 2179 448 2222 cum
472 2158 629 2250 Philippo
654 2157 777 2220 bellum
807 2156 983 2234 flagraret?
1013 2160 1108 2242 Quis,
1125 2178 1199 2224 cum

195 2275 424 2358 Amphipolim
449 2275 664 2356 Pydnamque
693 2291 711 2335 a
742 2273 943 2335 Macedoniae
972 2292 1048 2353 rege
1077 2286 1197 2361 captas,

196 2411 272 2456 cum
297 2373 520 2455 Athenienses
545 2388 679 2452 colonos
702 2406 719 2449 e
742 2388 889 2450 Potidaea
913 2389 1036 2468 ejectos
1057 2392 1196 2477 videret,

195 2517 226 2571 at
241 2526 324 2571 nova
345 2509 380 2569 in
402 2508 587 2587 proximum
606 2521 730 2567 annum
742 2505 811 2584 jam
830 2503 1040 2568 imminentia
1055 2509 1200 2587 pericula

195 2624 340 2704 sentiret,
356 2622 429 2702 qnis
445 2622 525 2684 adeo
541 2621 660 2682 stultus
675 2627 731 2681 aut
746 2619 920 2698 negligens
937 2593 1066 2704 fuisset,
1085 2632 1119 2685 ut
1130 2624 1199 2704 jam

194 2739 334 2816 fugienti
361 2738 432 2816 pari
454 2738 610 2799 tenaciter
628 2736 754 2797 haerere
774 2736 936 2813 potuisset
958 2737 1139 2818 inanesque
1159 2741 1198 2802 de

193 2854 354 2934 Delphica
370 2853 487 2915 umbra
497 2853 679 2928 legationes
693 2847 841 2931 jactare?
859 2851 881 2910 11
903 2871 1015 2914 rerum
1031 2864 1197 2931 gestarum

192 2971 350 3040 memoria
379 2987 572 3049 responsum
602 2986 662 3030 nos
699 2969 909 3031 hauriemus·
941 2968 1037 3051 Quis,
1069 2988 1193 3055 quaeso,

194 3086 350 3164 temporis
375 3085 473 3165 hujus
490 3084 704 3146 Atheniensis
725 3084 819 3167 civis,
837 3101 913 3145 cum
928 3082 1103 3163 longinqui
1118 3085 1196 3148 Phi-

193 3201 272 3282 lippi
288 3217 480 3280 progressus
501 3200 643 3262 Athenis
663 3199 909 3281 nunciarentur,
927 3198 1026 3279 hujus
1046 3199 1128 3263 belli
1142 3219 1197 3265 cu·

192 3336 262 3379 ram
283 3316 433 3380 alacriter
450 3325 480 3379 et
495 3325 624 3378 strenue
644 3333 791 3397 unquam
813 3313 982 3396 suscepit?
1004 3315 1099 3397 Quis,
1122 3335 1197 3381 cum

192 3442 247 3497 aut
261 3434 410 3512 flagraret
425 3434 532 3496 adhuc
554 3433 688 3496 socialis
704 3430 786 3494 belli
800 3433 902 3513 furor,
920 3438 976 3494 aut
989 3431 1093 3494 fessas
1106 3433 1196 3494 attri-

193 3558 307 3629 tasque
323 3549 411 3611 vires
426 3550 478 3610 vix
494 3549 611 3610 civitas
626 3549 787 3631 reficeret,
805 3548 958 3611 obscuras
969 3546 1100 3609 barbari
1107 3550 1196 3625 regis

192 3665 229 3725 10
244 3664 386 3726 Thracia
402 3664 629 3744 expeditiones
643 3680 789 3742 unquam
798 3680 857 3742 pro
867 3663 954 3725 bello
970 3661 1106 3726 habuit?
1122 3664 1196 3726 Non

230 3857 407 3923 1.Gleiniger,
423 3873 465 3923 op.
482 3859 566 3922 101111,
583 3872 610 3923 p.
627 3863 651 3909 7.

230 3947 303 4000 101.
320 3948 427 4009 Philon,
445 3950 572 4000 aot-266.

229 4043 254 4092 3.
273 4039 350 4101 Vect„
366 4038 403 4101 tv,
423 4038 501 4089 lio-43
515 4051 521 4098 ;
537 4036 564 4096 V,
584 4037 625 4087 12.
