2798 4980
641 427 861 524 -527-

247 554 334 633 iunt.
363 572 517 633 Hortatur
540 572 701 634 Isocrates
724 590 838 634 omues
869 572 1106 653 adolescentes,
1136 589 1254 635 omnes

248 686 350 750 bonos
366 662 467 769 cives,
486 694 521 749 ut
536 688 700 749 orationes
716 687 857 749 habeant
873 687 1072 766 libellosque
1093 689 1254 771 scribant,

249 801 370 881 quibus
401 803 441 864 ad
467 820 583 881 pacem
609 802 839 883 justitiamque
874 801 1045 864 colendam
1072 802 1257 866 incitentur

248 917 416 980 bellicosae
434 926 465 980 et
480 917 555 980 aliis
569 935 686 981 nocere
703 919 812 982 solitae
827 917 1009 980 civitates¹z
1025 926 1056 980 et
1070 918 1140 997 ipse
1152 919 1255 998 paulo

246 1043 318 1113 post
335 1035 369 1094 in
388 1034 617 1113 Areopagitico
632 1052 745 1097 rursus
761 1035 796 1095 in
813 1034 964 1096 homiues
985 1032 1060 1095 illos
1075 1033 1255 1096 inveheba-

249 1157 313 1230 tur,
330 1150 399 1232 qui,
413 1149 479 1229 jam
497 1150 649 1211 omnibus
664 1150 779 1230 invisi,
797 1159 828 1212 ot
842 1149 958 1211 acerba
971 1148 1076 1211 multa
1091 1151 1253 1231 perpessi,
1308 1140 1314 1151 ’

250 1267 305 1330 vix
321 1273 465 1327 extrema
479 1266 673 1328 discrimina
696 1268 879 1345 evitarunt,
905 1284 1019 1326 rursus
1041 1265 1127 1327 hanc
1142 1267 1255 1346 reipu-

246 1380 344 1444 blicae
381 1382 531 1458 gerendae
564 1381 725 1443 rationem
754 1381 1031 1461 incusabatque
1061 1389 1092 1442 et
1115 1381 1255 1446 antebac

247 1504 295 1559 tot
308 1496 407 1558 malis
424 1514 556 1559 causam
571 1496 723 1579 praebuit,
740 1503 771 1557 et
788 1514 875 1558 nunc
886 1497 1255 1577 quotannisrempubli·

248 1612 369 1674 camin
390 1627 473 1674 nova
497 1612 692 1674 detrimenta
712 1610 927 1694 adducebat'3
949 1631 1060 1675 rursus
1084 1612 1253 1675 civitatem

247 1727 334 1788 iutra
349 1728 486 1805 penuria
503 1725 737 1808 laborantem³,
755 1727 835 1789 ioris
852 1729 968 1789 ceteris
984 1727 1107 1791 Graecis
1119 1745 1253 1808 suspec-

247 1839 331 1904 tam⁴
359 1842 654 1923 commemorabat,
688 1860 801 1904 rursus
836 1842 1046 1920 publicorum
1082 1841 1253 1903 redituum

244 1957 415 2020 meliorem
440 1956 788 2040 administrationem,
815 1959 1059 2038 prudentiorem
1085 1960 1121 2020 in
1142 1959 1252 2022 socios

244 2073 431 2152 disciplinae
447 2074 607 2135 rationem
624 2073 793 2154 exigebat,
808 2092 921 2136 rursus
931 2091 1049 2137 novam
1060 2074 1253 2155 reipublicae

245 2188 385 2251 formam
400 2188 659 2269 commendabat,
679 2207 742 2268 qua
767 2188 917 2280 urgentia
941 2187 1028 2251 mala
1042 2206 1253 2252 removeren·

243 2312 308 2386 tur,
328 2311 570 2383 praesentesque
591 2303 701 2366 clades
725 2301 938 2365 sanarentnr⁶
953 2312 985 2365 et
1010 2304 1138 2386 civitas,
1157 2306 1250 2367 omni

244 2419 389 2498 periculo
417 2418 566 2498 liberata,
591 2420 690 2481 totius
713 2417 849 2480 Graeciae
872 2417 1033 2481 libertatis
1048 2426 1162 2481 auctor
1176 2438 1251 2481 cus·

245 2542 358 2614 tosque
384 2551 456 2596 esse
482 2530 680 2596 videretur⁷.
708 2533 787 2607 Quae
815 2529 955 2595 consilia
978 2550 1045 2596 uon
1069 2532 1109 2594 ad
1134 2533 1251 2597 surdas

243 2667 338 2712 eures
353 2649 542 2730 pervenisse
556 2667 706 2711 crescens
722 2648 758 2708 in
773 2648 844 2709 dies
860 2646 1017 2710 adversus
1027 2647 1251 2729 Aristophon-

243 2771 309 2825 tem
324 2763 450 2825 iuvidia
465 2761 561 2843 paulo
578 2770 651 2842 post
664 2770 778 2824 testata
793 2768 853 2824 est.

279 2989 302 3039 t.
319 2987 411 3050 lsocr„
428 2989 540 3051 Samon,
560 2989 617 3038 145.

278 3076 533 3140 2.lsocr.‚lre01.,
554 3079 592 3136 17,
614 3076 654 3126 ts.

271 3157 397 3225 'o.1om.,
415 3167 458 3216 ss.

275 3255 301 3304 t.
320 3252 395 3312 told..
416 3257 440 3313 8,
461 3254 500 3312 to,
519 3253 561 3303 81.

275 3347 300 3394 5.
319 3340 395 3403 totu„
413 3345 437 3392 8,

275 3435 299 3482 6.
316 3429 394 3492 leid,
412 3430 499 3482 12-16.

275 3524 298 3570 7.
317 3519 393 3581 told,
412 3520 454 3571 84.
