2798 4980
587 421 808 484 ..27-

193 567 284 647 lippo
299 574 569 646 composuerant:
589 567 777 628 Phocenses
799 567 834 626 in
856 565 991 628 hederis
1009 565 1200 628 societatem

193 699 261 744 non
275 682 400 762 recepti
416 700 545 744 sacrum
561 683 669 745 adhuc
694 680 823 755 bellum
845 681 1071 762 sustinebant,
1087 688 1119 743 at
1131 681 1200 761 jam

194 796 390 859 imminebat
422 795 610 879 Philippus,
632 774 865 858 Thebanorum
896 797 1052 859 societate
1080 797 1196 880 fretus,

193 913 251 991 qui
267 912 411 990 longiori
428 911 517 974 bello
533 911 634 974 finem
654 910 850 990 imponeret.
874 911 960 993 Quo,
982 919 1048 974 tam
1069 912 1200 975 difficili

193 1047 304 1089 rerum
321 1036 418 1108 stain,
440 1047 474 1090 se
491 1029 676 1091 conferrent
698 1027 921 1092 Athenienses
941 1028 1151 1090 nesciebant:
1170 1030 1199 1091 si

195 1142 382 1206 Phocenses
393 1141 720 1219 incolumesvellent‚
730 1143 800 1223 jam
809 1143 972 1205 auxilinm
983 1143 1082 1206 sociis
1092 1145 1198 1206 feren-

194 1258 274 1320 dum
286 1267 365 1340 erat,
384 1276 502 1340 exque
523 1276 646 1341 novum
661 1277 737 1321 cum
757 1258 911 1339 Philippo
927 1260 1053 1321 bellum
1070 1279 1198 1324 exarsu-

194 1392 266 1434 rum
282 1375 449 1437 neminem
463 1374 607 1438 fallebat.
622 1374 659 1436 Si
674 1377 799 1437 recenti
814 1376 949 1454 quidem
967 1377 1088 1440 ioederi.
1098 1377 1199 1440 fidem

194 1507 323 1552 servare
346 1500 513 1574 cuperent,
542 1489 698 1569 Philippo
720 1489 854 1568 quidem
881 1498 994 1553 contra
1011 1490 1199 1553 Phocenses
1252 1562 1257 1571 ¹

193 1604 318 1667 auxilia
331 1606 489 1670 mittenda
505 1613 608 1687 erant,
625 1606 720 1687 cujus
738 1606 884 1669 infamiae
907 1606 1108 1670 Philocrates
1124 1625 1198 1669 auc-

194 1729 244 1783 tor
259 1729 290 1783 et
305 1718 480 1802 Philippus
496 1722 566 1802 ipse
583 1722 747 1800 flagitator
761 1730 830 1784 erat
843 1720 864 1804 ¹,
885 1722 1127 1785 Demosthenes
1138 1741 1198 1785 au·

194 1845 260 1899 tem
285 1846 316 1899 et
338 1837 398 1899 alii
420 1840 533 1916 patriae
547 1846 694 1902 amantes
709 1846 852 1901 oratores
869 1839 1023 1910 acerrimi
1040 1828 1197 1902 detrecta-

194 1959 293 2013 tores.
313 1952 420 2026 Quam
436 1953 539 2031 igitur
553 1951 668 2015 salutis
680 1953 781 2033 viam,
797 1951 932 2014 utilitati
952 1951 1051 2015 simul
1066 1953 1198 2033 otioque

193 2074 226 2129 et
250 2066 405 2145 dignitati
429 2067 645 2149 commodam,
670 2068 871 2148 invenirent,
896 2068 985 2129 anxii
1011 2069 1199 2148 quaerebant

199 2182 435 2246 Athenienses.
447 2183 566 2246 Paucis
581 2192 654 2246 ante
669 2184 853 2264 mensibus,
866 2183 1028 2266 Thebani,
1042 2183 1203 2261 longioris

197 2297 280 2360 belli
295 2297 509 2362 diuturnitate
530 2300 652 2384 afflicti,
670 2309 779 2379 aperte
796 2300 837 2361 ad
852 2299 1074 2362 Athenienses
1090 2301 1202 2362 coniu-

197 2411 343 2494 gerant²,
361 2420 398 2474 ut
408 2420 537 2476 mutuas
552 2415 746 2478 inimicitias
758 2414 1009 2494 simirltatesque
1029 2431 1202 2494 compone-
1305 2405 1309 2419 '

197 2535 288 2610 rent3
313 2547 374 2592 nec
400 2547 474 2609 spes
498 2530 657 2592 defuisset
681 2547 808 2591 sacrum
838 2528 966 2592 bellum
988 2529 1199 2611 terminandi,

196 2643 263 2705 nisi
291 2637 480 2726 Philippus,
513 2664 554 2707 ne
590 2645 738 2707 civitates
768 2645 995 2727 convenirent,
1027 2644 1201 2708 Thebanos

197 2758 321 2823 auxilio
346 2761 503 2824 adversus
527 2762 729 2842 Phocenses,
752 2762 976 2824 Athenienses
997 2781 1075 2842 pace
1093 2761 1202 2825 oblata

197 2875 379 2955 decepisset
398 2877 644 2958 divisissetque.
671 2879 748 2941 Haec
778 2897 855 2961 una,
878 2887 1000 2942 tentata
1020 2879 1197 2961 quondam,

197 3010 284 3057 nunc
317 2993 578 3059 Atheniensibus
602 2997 655 3058 via
676 2996 829 3077 restabat,
856 3003 891 3058 ut
921 2996 998 3080 ipsi,
1023 3005 1200 3076 antequam
1237 3077 1238 3080 Ἴ

197 3107 373 3191 Philippus
398 3113 498 3174 armis
518 3113 630 3197 omnia
651 3112 849 3192 disponeret,
872 3112 1093 3189 legationibus
1113 3113 1200 3174 Pho-

196 3239 310 3285 censes
326 3243 401 3287 cum
422 3226 588 3288 Thebanis
609 3224 884 3307 reconciliarent3
908 3227 977 3291 haec
996 3245 1061 3289 una
1076 3227 1140 3309 via,
1158 3246 1200 3288 ne

197 3339 395 3404 Macedoniae
420 3357 533 3418 regem
556 3343 702 3405 sinerent
728 3362 856 3405 summa
879 3361 989 3405 rerum
1012 3344 1048 3403 in
1070 3343 1201 3406 Graecia

195 3454 307 3533 potiri.
338 3455 447 3536 Hujus
476 3458 647 3526 sententiae
676 3459 917 3520 Demosthenes
946 3467 1059 3520 auctor
1088 3456 1197 3538 erat³3

195 3569 274 3632 huic
299 3570 460 3654 opinioni,
489 3573 517 3633 si
541 3548 892 3656 Holaapfelio‘credas,
915 3582 945 3637 et
964 3572 1073 3635 libelli
1093 3573 1197 3635 nostri

193 3692 307 3748 auctor
320 3703 359 3749 eo
376 3693 521 3766 tempore
536 3687 675 3770 favebat,
694 3707 732 3751 ea
748 3689 887 3752 consilia
899 3690 1027 3752 civibus
1039 3689 1109 3750 suis
1125 3688 1199 3750 loco

232 3893 253 3941 t.
268 3888 303 3941 Cf.
320 3889 465 3953 Demosth,
483 3892 517 3942 Pe
526 3891 598 3955 sols.
614 3865 706 3955 leont,
724 3893 815 3945 ta-st.

230 3983 254 4030 2.
271 3977 415 4041 Demosth,
432 3980 467 4029 De
482 3981 553 4043 Cor,
574 3981 614 4033 19.

229 4071 252 4120 3.
268 4065 384 4130 Schdfer,
401 4067 596 4130 Demosthenes,
614 4067 643 4131 ll,
665 4069 790 4120 tta-tra.
