<?xml version="1.0" encoding="UTF-8"?>
<!DOCTYPE html PUBLIC "-//W3C//DTD XHTML 1.0 Transitional//EN"
    "http://www.w3.org/TR/xhtml1/DTD/xhtml1-transitional.dtd">
<html xmlns="http://www.w3.org/1999/xhtml" xml:lang="en" lang="en">
 <head>
  <title>
</title>
<meta http-equiv="Content-Type" content="text/html;charset=utf-8" />
  <meta name='ocr-system' content='tesseract 3.04.00' />
  <meta name='ocr-capabilities' content='ocr_page ocr_carea ocr_par ocr_line ocrx_word'/>
</head>
<body>
  <div class='ocr_page' id='page_1' title='image "./quotemporequame00diehgoog_0051.png"; bbox 0 0 2798 4980; ppageno 0'>
   <div class='ocr_carea' id='block_1_1' title="bbox 652 413 871 477">
    <p class='ocr_par' dir='ltr' id='par_1_1' title="bbox 652 413 871 477">
     <span class='ocr_line' id='line_1_1' title="bbox 652 413 871 477; baseline 0.009 -17"><span class='ocrx_word' id='word_1_1' title='bbox 652 413 871 477; x_wconf 70' lang='lat'>„42-</span> 
     </span>
    </p>
   </div>
   <div class='ocr_carea' id='block_1_2' title="bbox 181 532 1270 2604">
    <p class='ocr_par' dir='ltr' id='par_1_2' title="bbox 256 532 1270 1560">
     <span class='ocr_line' id='line_1_2' title="bbox 258 532 1270 649; baseline 0.001 -29"><span class='ocrx_word' id='word_1_2' title='bbox 258 532 447 621; x_wconf 77' lang='lat' dir='ltr'>natusest:</span> <span class='ocrx_word' id='word_1_3' title='bbox 469 559 584 639; x_wconf 86' lang='lat' dir='ltr'>populi</span> <span class='ocrx_word' id='word_1_4' title='bbox 603 559 713 649; x_wconf 79' lang='lat' dir='ltr'>favore</span> <span class='ocrx_word' id='word_1_5' title='bbox 735 558 852 637; x_wconf 84' lang='lat' dir='ltr'>fretus,</span> <span class='ocrx_word' id='word_1_6' title='bbox 877 574 991 620; x_wconf 90' lang='lat' dir='ltr'>omnes</span> <span class='ocrx_word' id='word_1_7' title='bbox 1018 557 1212 636; x_wconf 89' lang='lat' dir='ltr'>reipublicae</span> <span class='ocrx_word' id='word_1_8' title='bbox 1237 569 1270 621; x_wconf 92' lang='lat' dir='ltr'>et</span> 
     </span>
     <span class='ocr_line' id='line_1_3' title="bbox 258 670 1267 756; baseline 0 -20"><span class='ocrx_word' id='word_1_9' title='bbox 258 675 406 756; x_wconf 91' lang='lat' dir='ltr'>proprios</span> <span class='ocrx_word' id='word_1_10' title='bbox 423 674 530 737; x_wconf 89' lang='lat' dir='ltr'>hostes</span> <span class='ocrx_word' id='word_1_11' title='bbox 545 674 705 737; x_wconf 85' lang='lat' dir='ltr'><strong>acerrime</strong></span> <span class='ocrx_word' id='word_1_12' title='bbox 717 671 907 752; x_wconf 82' lang='lat' dir='ltr'>lacessebat,</span> <span class='ocrx_word' id='word_1_13' title='bbox 927 670 1033 734; x_wconf 89' lang='lat' dir='ltr'>nullis</span> <span class='ocrx_word' id='word_1_14' title='bbox 1048 671 1267 736; x_wconf 88' lang='lat' dir='ltr'>humanitatis</span> 
     </span>
     <span class='ocr_line' id='line_1_4' title="bbox 257 786 1265 870; baseline -0.002 -18"><span class='ocrx_word' id='word_1_15' title='bbox 257 789 523 870; x_wconf 80' lang='lat' dir='ltr'>temperamentis</span> <span class='ocrx_word' id='word_1_16' title='bbox 538 789 674 851; x_wconf 89' lang='lat' dir='ltr'>insitam</span> <span class='ocrx_word' id='word_1_17' title='bbox 690 788 897 850; x_wconf 89' lang='lat' dir='ltr'>severitatem</span> <span class='ocrx_word' id='word_1_18' title='bbox 913 786 1088 868; x_wconf 87' lang='lat' dir='ltr'>mitigans,</span> <span class='ocrx_word' id='word_1_19' title='bbox 1104 795 1136 849; x_wconf 93' lang='lat' dir='ltr'>et</span> <span class='ocrx_word' id='word_1_20' title='bbox 1155 804 1265 867; x_wconf 91' lang='lat' dir='ltr'>prom·</span> 
     </span>
     <span class='ocr_line' id='line_1_5' title="bbox 256 899 1267 982; baseline -0.002 -16"><span class='ocrx_word' id='word_1_21' title='bbox 256 912 350 982; x_wconf 90' lang='lat' dir='ltr'>ptum</span> <span class='ocrx_word' id='word_1_22' title='bbox 371 904 411 965; x_wconf 92' lang='lat' dir='ltr'>ad</span> <span class='ocrx_word' id='word_1_23' title='bbox 432 904 596 982; x_wconf 79' lang='lat' dir='ltr'>asperiora</span> <span class='ocrx_word' id='word_1_24' title='bbox 620 901 793 978; x_wconf 83' lang='lat' dir='ltr'>ingenium</span> <span class='ocrx_word' id='word_1_25' title='bbox 821 900 907 963; x_wconf 91' lang='lat' dir='ltr'>nulli</span> <span class='ocrx_word' id='word_1_26' title='bbox 929 899 1119 962; x_wconf 72' lang='lat' dir='ltr'>necessitati</span> <span class='ocrx_word' id='word_1_27' title='bbox 1140 917 1267 964; x_wconf 92' lang='lat' dir='ltr'>accom-</span> 
     </span>
     <span class='ocr_line' id='line_1_6' title="bbox 257 1017 1268 1098; baseline -0.003 -17"><span class='ocrx_word' id='word_1_28' title='bbox 257 1020 404 1082; x_wconf 90' lang='lat' dir='ltr'>modans.</span> <span class='ocrx_word' id='word_1_29' title='bbox 419 1019 630 1082; x_wconf 89' lang='lat' dir='ltr'>Gloriabatur</span> <span class='ocrx_word' id='word_1_30' title='bbox 644 1036 678 1079; x_wconf 94' lang='lat' dir='ltr'>se</span> <span class='ocrx_word' id='word_1_31' title='bbox 693 1019 900 1098; x_wconf 83' lang='lat' dir='ltr'>septuaginta</span> <span class='ocrx_word' id='word_1_32' title='bbox 920 1017 1066 1097; x_wconf 92' lang='lat' dir='ltr'>quinque</span> <span class='ocrx_word' id='word_1_33' title='bbox 1081 1017 1268 1080; x_wconf 86' lang='lat' dir='ltr'>actionibus</span> 
     </span>
     <span class='ocr_line' id='line_1_7' title="bbox 257 1133 1265 1213; baseline -0.003 -14"><span class='ocrx_word' id='word_1_34' title='bbox 257 1137 297 1199; x_wconf 93' lang='lat' dir='ltr'>de</span> <span class='ocrx_word' id='word_1_35' title='bbox 322 1136 463 1197; x_wconf 86' lang='lat' dir='ltr'>decretis</span> <span class='ocrx_word' id='word_1_36' title='bbox 488 1143 600 1197; x_wconf 88' lang='lat' dir='ltr'>contra</span> <span class='ocrx_word' id='word_1_37' title='bbox 628 1135 737 1212; x_wconf 89' lang='lat' dir='ltr'>legem</span> <span class='ocrx_word' id='word_1_38' title='bbox 765 1133 860 1196; x_wconf 85' lang='lat' dir='ltr'>factis</span> <span class='ocrx_word' id='word_1_39' title='bbox 888 1133 1088 1213; x_wconf 91' lang='lat' dir='ltr'>postulatum</span> <span class='ocrx_word' id='word_1_40' title='bbox 1112 1133 1265 1196; x_wconf 86' lang='lat' dir='ltr'>fuisse¹:</span> 
     </span>
     <span class='ocr_line' id='line_1_8' title="bbox 257 1249 1267 1331; baseline -0.002 -18"><span class='ocrx_word' id='word_1_41' title='bbox 257 1251 474 1331; x_wconf 81' lang='lat' dir='ltr'>quodormque</span> <span class='ocrx_word' id='word_1_42' title='bbox 496 1255 587 1311; x_wconf 88' lang='lat' dir='ltr'>enim</span> <span class='ocrx_word' id='word_1_43' title='bbox 605 1249 719 1330; x_wconf 90' lang='lat' dir='ltr'>vellet,</span> <span class='ocrx_word' id='word_1_44' title='bbox 748 1256 818 1311; x_wconf 90' lang='lat' dir='ltr'>tum</span> <span class='ocrx_word' id='word_1_45' title='bbox 841 1249 974 1329; x_wconf 88' lang='lat' dir='ltr'>agendi,</span> <span class='ocrx_word' id='word_1_46' title='bbox 1003 1256 1073 1310; x_wconf 89' lang='lat' dir='ltr'>tum</span> <span class='ocrx_word' id='word_1_47' title='bbox 1098 1249 1267 1311; x_wconf 91' lang='lat' dir='ltr'>scribendi</span> 
     </span>
     <span class='ocr_line' id='line_1_9' title="bbox 257 1362 1268 1445; baseline 0 -18"><span class='ocrx_word' id='word_1_48' title='bbox 257 1366 400 1428; x_wconf 87' lang='lat' dir='ltr'>libenter</span> <span class='ocrx_word' id='word_1_49' title='bbox 423 1365 564 1445; x_wconf 86' lang='lat' dir='ltr'>populos</span> <span class='ocrx_word' id='word_1_50' title='bbox 588 1364 643 1426; x_wconf 94' lang='lat' dir='ltr'>illi</span> <span class='ocrx_word' id='word_1_51' title='bbox 668 1371 860 1443; x_wconf 91' lang='lat' dir='ltr'>potestatem</span> <span class='ocrx_word' id='word_1_52' title='bbox 885 1362 1114 1426; x_wconf 79' lang='lat' dir='ltr'>concedebat².</span> <span class='ocrx_word' id='word_1_53' title='bbox 1138 1364 1268 1439; x_wconf 87' lang='lat' dir='ltr'>Quibus</span> 
     </span>
     <span class='ocr_line' id='line_1_10' title="bbox 256 1479 1099 1560; baseline -0.002 -18"><span class='ocrx_word' id='word_1_54' title='bbox 256 1482 382 1543; x_wconf 90' lang='lat' dir='ltr'>artibus</span> <span class='ocrx_word' id='word_1_55' title='bbox 398 1480 485 1543; x_wconf 89' lang='lat' dir='ltr'>haud</span> <span class='ocrx_word' id='word_1_56' title='bbox 500 1498 598 1560; x_wconf 88' lang='lat' dir='ltr'>parva</span> <span class='ocrx_word' id='word_1_57' title='bbox 614 1481 650 1541; x_wconf 91' lang='lat' dir='ltr'>in</span> <span class='ocrx_word' id='word_1_58' title='bbox 663 1480 803 1559; x_wconf 84' lang='lat' dir='ltr'>patriam</span> <span class='ocrx_word' id='word_1_59' title='bbox 820 1479 939 1541; x_wconf 89' lang='lat' dir='ltr'>damna</span> <span class='ocrx_word' id='word_1_60' title='bbox 953 1479 1099 1541; x_wconf 82' lang='lat' dir='ltr'>adduxit.</span> 
     </span>
    </p>

    <p class='ocr_par' dir='ltr' id='par_1_3' title="bbox 181 1594 1269 2604">
     <span class='ocr_line' id='line_1_11' title="bbox 302 1594 1266 1677; baseline 0 -19"><span class='ocrx_word' id='word_1_61' title='bbox 302 1595 426 1658; x_wconf 88' lang='lat' dir='ltr'>Navale</span> <span class='ocrx_word' id='word_1_62' title='bbox 442 1596 700 1657; x_wconf 87' lang='lat' dir='ltr'>Atheniensium</span> <span class='ocrx_word' id='word_1_63' title='bbox 714 1595 891 1673; x_wconf 91' lang='lat' dir='ltr'>imperium</span> <span class='ocrx_word' id='word_1_64' title='bbox 908 1594 1125 1656; x_wconf 89' lang='lat' dir='ltr'>conservandi</span> <span class='ocrx_word' id='word_1_65' title='bbox 1141 1596 1266 1677; x_wconf 91' lang='lat' dir='ltr'>studio,</span> 
     </span>
     <span class='ocr_line' id='line_1_12' title="bbox 256 1707 1269 1791; baseline 0.001 -19"><span class='ocrx_word' id='word_1_66' title='bbox 256 1712 384 1791; x_wconf 87' lang='lat' dir='ltr'>antiqui</span> <span class='ocrx_word' id='word_1_67' title='bbox 399 1711 533 1773; x_wconf 72' lang='lat' dir='ltr'>foederis</span> <span class='ocrx_word' id='word_1_68' title='bbox 549 1711 731 1773; x_wconf 85' lang='lat' dir='ltr'>Nausiniro</span> <span class='ocrx_word' id='word_1_69' title='bbox 741 1708 899 1771; x_wconf 88' lang='lat' dir='ltr'>archonte</span> <span class='ocrx_word' id='word_1_70' title='bbox 910 1707 991 1771; x_wconf 76' lang='lat' dir='ltr'>icti⁰</span> <span class='ocrx_word' id='word_1_71' title='bbox 1007 1709 1151 1790; x_wconf 85' lang='lat' dir='ltr'>fideique</span> <span class='ocrx_word' id='word_1_72' title='bbox 1167 1712 1269 1773; x_wconf 87' lang='lat' dir='ltr'>sociis</span> 
     </span>
     <span class='ocr_line' id='line_1_13' title="bbox 257 1823 1268 1906; baseline 0.001 -19"><span class='ocrx_word' id='word_1_73' title='bbox 257 1826 340 1888; x_wconf 82' lang='lat' dir='ltr'>datae</span> <span class='ocrx_word' id='word_1_74' title='bbox 356 1827 500 1888; x_wconf 90' lang='lat' dir='ltr'>breviter</span> <span class='ocrx_word' id='word_1_75' title='bbox 514 1827 637 1888; x_wconf 86' lang='lat' dir='ltr'>oblitus</span> <span class='ocrx_word' id='word_1_76' title='bbox 654 1833 715 1906; x_wconf 91' lang='lat' dir='ltr'>est,</span> <span class='ocrx_word' id='word_1_77' title='bbox 734 1823 816 1886; x_wconf 91' lang='lat' dir='ltr'>etin</span> <span class='ocrx_word' id='word_1_78' title='bbox 834 1825 1010 1903; x_wconf 89' lang='lat' dir='ltr'>pristinam</span> <span class='ocrx_word' id='word_1_79' title='bbox 1031 1825 1202 1887; x_wconf 87' lang='lat' dir='ltr'>licentiam</span> <span class='ocrx_word' id='word_1_80' title='bbox 1216 1845 1268 1889; x_wconf 93' lang='lat' dir='ltr'>re-</span> 
     </span>
     <span class='ocr_line' id='line_1_14' title="bbox 181 1939 1265 2029; baseline 0 -26"><span class='ocrx_word' id='word_1_81' title='bbox 181 2025 183 2029; x_wconf 23' lang='grc' dir='ltr'>Ι</span> <span class='ocrx_word' id='word_1_82' title='bbox 256 1941 384 2023; x_wconf 92' lang='lat' dir='ltr'>lapsus,</span> <span class='ocrx_word' id='word_1_83' title='bbox 411 1959 527 2003; x_wconf 87' lang='lat' dir='ltr'>vexare</span> <span class='ocrx_word' id='word_1_84' title='bbox 553 1941 701 2003; x_wconf 86' lang='lat' dir='ltr'>civitates</span> <span class='ocrx_word' id='word_1_85' title='bbox 725 1940 848 2020; x_wconf 89' lang='lat' dir='ltr'>socias,</span> <span class='ocrx_word' id='word_1_86' title='bbox 879 1939 1065 2001; x_wconf 89' lang='lat' dir='ltr'>eleruehias</span> <span class='ocrx_word' id='word_1_87' title='bbox 1090 1940 1265 2024; x_wconf 88' lang='lat' dir='ltr'>deducere,</span> 
     </span>
     <span class='ocr_line' id='line_1_15' title="bbox 258 2055 1266 2139; baseline 0 -21"><span class='ocrx_word' id='word_1_88' title='bbox 258 2057 377 2118; x_wconf 88' lang='lat' dir='ltr'>tributa</span> <span class='ocrx_word' id='word_1_89' title='bbox 391 2058 534 2139; x_wconf 85' lang='lat' dir='ltr'>exigere,</span> <span class='ocrx_word' id='word_1_90' title='bbox 553 2057 651 2119; x_wconf 92' lang='lat' dir='ltr'>urbes</span> <span class='ocrx_word' id='word_1_91' title='bbox 668 2055 833 2135; x_wconf 75' lang='lat' dir='ltr'>praesidiis</span> <span class='ocrx_word' id='word_1_92' title='bbox 850 2055 1103 2117; x_wconf 84' lang='lat' dir='ltr'>firmarerursus</span> <span class='ocrx_word' id='word_1_93' title='bbox 1114 2057 1266 2138; x_wconf 88' lang='lat' dir='ltr'>tentavit,</span> 
     </span>
     <span class='ocr_line' id='line_1_16' title="bbox 256 2174 1268 2259; baseline 0.001 -22"><span class='ocrx_word' id='word_1_94' title='bbox 256 2176 426 2257; x_wconf 88' lang='lat' dir='ltr'>illatisque</span> <span class='ocrx_word' id='word_1_95' title='bbox 440 2177 575 2259; x_wconf 86' lang='lat' dir='ltr'>injuriis</span> <span class='ocrx_word' id='word_1_96' title='bbox 592 2176 744 2239; x_wconf 85' lang='lat' dir='ltr'>conllatas</span> <span class='ocrx_word' id='word_1_97' title='bbox 759 2175 938 2238; x_wconf 90' lang='lat' dir='ltr'>seditiones</span> <span class='ocrx_word' id='word_1_98' title='bbox 958 2176 1043 2236; x_wconf 87' lang='lat' dir='ltr'>mira</span> <span class='ocrx_word' id='word_1_99' title='bbox 1060 2174 1200 2254; x_wconf 89' lang='lat' dir='ltr'>quadam</span> <span class='ocrx_word' id='word_1_100' title='bbox 1216 2194 1268 2238; x_wconf 90' lang='lat' dir='ltr'>se·</span> 
     </span>
     <span class='ocr_line' id='line_1_17' title="bbox 257 2287 1269 2373; baseline -0.001 -20"><span class='ocrx_word' id='word_1_101' title='bbox 257 2292 405 2373; x_wconf 88' lang='lat' dir='ltr'>veritate,</span> <span class='ocrx_word' id='word_1_102' title='bbox 422 2308 542 2369; x_wconf 87' lang='lat' dir='ltr'>magno</span> <span class='ocrx_word' id='word_1_103' title='bbox 556 2288 748 2369; x_wconf 83' lang='lat' dir='ltr'>reipublicae</span> <span class='ocrx_word' id='word_1_104' title='bbox 763 2289 973 2371; x_wconf 86' lang='lat' dir='ltr'>detriment0,</span> <span class='ocrx_word' id='word_1_105' title='bbox 988 2287 1211 2369; x_wconf 81' lang='lat' dir='ltr'>compressit‘.</span> <span class='ocrx_word' id='word_1_106' title='bbox 1225 2289 1269 2352; x_wconf 89' lang='lat' dir='ltr'>In</span> 
     </span>
     <span class='ocr_line' id='line_1_18' title="bbox 257 2404 1268 2488; baseline 0 -20"><span class='ocrx_word' id='word_1_107' title='bbox 257 2404 325 2469; x_wconf 88' lang='lat' dir='ltr'>Ceo</span> <span class='ocrx_word' id='word_1_108' title='bbox 340 2407 463 2488; x_wconf 90' lang='lat' dir='ltr'>insula,</span> <span class='ocrx_word' id='word_1_109' title='bbox 484 2424 558 2468; x_wconf 90' lang='lat' dir='ltr'>cum</span> <span class='ocrx_word' id='word_1_110' title='bbox 582 2404 840 2468; x_wconf 81' lang='lat' dir='ltr'>Atheniensium</span> <span class='ocrx_word' id='word_1_111' title='bbox 858 2405 1050 2486; x_wconf 85' lang='lat' dir='ltr'>adversarii,</span> <span class='ocrx_word' id='word_1_112' title='bbox 1072 2404 1268 2484; x_wconf 84' lang='lat' dir='ltr'>reipublicae</span> 
     </span>
     <span class='ocr_line' id='line_1_19' title="bbox 256 2501 1265 2604; baseline 0 -21"><span class='ocrx_word' id='word_1_113' title='bbox 256 2521 439 2584; x_wconf 89' lang='lat' dir='ltr'>fautoribus</span> <span class='ocrx_word' id='word_1_114' title='bbox 454 2522 570 2601; x_wconf 88' lang='lat' dir='ltr'>ejectis</span> <span class='ocrx_word' id='word_1_115' title='bbox 584 2520 637 2583; x_wconf 87' lang='lat' dir='ltr'>vel</span> <span class='ocrx_word' id='word_1_116' title='bbox 652 2521 791 2601; x_wconf 87' lang='lat' dir='ltr'>necetis,</span> <span class='ocrx_word' id='word_1_117' title='bbox 809 2519 860 2581; x_wconf 93' lang='lat' dir='ltr'>bis</span> <span class='ocrx_word' id='word_1_118' title='bbox 875 2501 1039 2583; x_wconf 87' lang='lat' dir='ltr'>acivitate</span> <span class='ocrx_word' id='word_1_119' title='bbox 1051 2520 1265 2604; x_wconf 86' lang='lat' dir='ltr'>deiecissent,</span> 
     </span>
    </p>
   </div>
   <div class='ocr_carea' id='block_1_3' title="bbox 257 2636 1377 2718">
    <p class='ocr_par' dir='ltr' id='par_1_4' title="bbox 257 2636 1377 2718">
     <span class='ocr_line' id='line_1_20' title="bbox 257 2636 1377 2718; baseline 0.001 -20"><span class='ocrx_word' id='word_1_120' title='bbox 257 2637 459 2716; x_wconf 88' lang='lat' dir='ltr'>Aristophon</span> <span class='ocrx_word' id='word_1_121' title='bbox 474 2646 594 2716; x_wconf 74' lang='lat' dir='ltr'>praetor</span> <span class='ocrx_word' id='word_1_122' title='bbox 609 2638 645 2718; x_wconf 88' lang='lat' dir='ltr'>in</span> <span class='ocrx_word' id='word_1_123' title='bbox 660 2636 806 2698; x_wconf 90' lang='lat' dir='ltr'>insulam</span> <span class='ocrx_word' id='word_1_124' title='bbox 821 2636 942 2698; x_wconf 89' lang='lat' dir='ltr'>missus</span> <span class='ocrx_word' id='word_1_125' title='bbox 960 2645 1025 2698; x_wconf 89' lang='lat' dir='ltr'>tam</span> <span class='ocrx_word' id='word_1_126' title='bbox 1045 2637 1136 2698; x_wconf 91' lang='lat' dir='ltr'>duris</span> <span class='ocrx_word' id='word_1_127' title='bbox 1152 2637 1266 2699; x_wconf 89' lang='lat' dir='ltr'>condi-</span> <span class='ocrx_word' id='word_1_128' title='bbox 1375 2672 1377 2677; x_wconf 68' lang='lat'>,</span> 
     </span>
    </p>
   </div>
   <div class='ocr_carea' id='block_1_4' title="bbox 253 2751 1266 3412">
    <p class='ocr_par' dir='ltr' id='par_1_5' title="bbox 253 2751 1266 3412">
     <span class='ocr_line' id='line_1_21' title="bbox 257 2751 1266 2833; baseline 0 -18"><span class='ocrx_word' id='word_1_129' title='bbox 257 2754 403 2816; x_wconf 88' lang='lat' dir='ltr'>tionibus</span> <span class='ocrx_word' id='word_1_130' title='bbox 425 2760 579 2830; x_wconf 85' lang='lat' dir='ltr'>tantaque</span> <span class='ocrx_word' id='word_1_131' title='bbox 599 2751 739 2813; x_wconf 88' lang='lat' dir='ltr'>avaritia</span> <span class='ocrx_word' id='word_1_132' title='bbox 757 2752 862 2814; x_wconf 88' lang='lat' dir='ltr'>victos</span> <span class='ocrx_word' id='word_1_133' title='bbox 883 2753 1023 2833; x_wconf 83' lang='lat' dir='ltr'>vexavit,</span> <span class='ocrx_word' id='word_1_134' title='bbox 1045 2760 1081 2815; x_wconf 92' lang='lat' dir='ltr'>ut</span> <span class='ocrx_word' id='word_1_135' title='bbox 1103 2752 1206 2814; x_wconf 88' lang='lat' dir='ltr'>redux</span> <span class='ocrx_word' id='word_1_136' title='bbox 1225 2753 1266 2815; x_wconf 89' lang='lat' dir='ltr'>ab</span> 
     </span>
     <span class='ocr_line' id='line_1_22' title="bbox 257 2866 1264 2950; baseline 0.002 -20"><span class='ocrx_word' id='word_1_137' title='bbox 257 2869 423 2950; x_wconf 77' lang='lat' dir='ltr'>Hyperide</span> <span class='ocrx_word' id='word_1_138' title='bbox 447 2869 483 2929; x_wconf 91' lang='lat' dir='ltr'>in</span> <span class='ocrx_word' id='word_1_139' title='bbox 500 2867 665 2949; x_wconf 87' lang='lat' dir='ltr'>judicium</span> <span class='ocrx_word' id='word_1_140' title='bbox 689 2876 838 2948; x_wconf 76' lang='lat' dir='ltr'>voratus,</span> <span class='ocrx_word' id='word_1_141' title='bbox 864 2868 917 2928; x_wconf 84' lang='lat' dir='ltr'>vix</span> <span class='ocrx_word' id='word_1_142' title='bbox 941 2868 1051 2929; x_wconf 92' lang='lat' dir='ltr'>salvus</span> <span class='ocrx_word' id='word_1_143' title='bbox 1077 2868 1228 2931; x_wconf 89' lang='lat' dir='ltr'>evaderet</span> <span class='ocrx_word' id='word_1_144' title='bbox 1238 2866 1264 2932; x_wconf 77' lang='lat'>⁵.</span> 
     </span>
     <span class='ocr_line' id='line_1_23' title="bbox 257 2981 1266 3065; baseline -0.003 -16"><span class='ocrx_word' id='word_1_145' title='bbox 257 2985 447 3065; x_wconf 76' lang='lat' dir='ltr'>Corcyraeos</span> <span class='ocrx_word' id='word_1_146' title='bbox 462 2983 558 3064; x_wconf 90' lang='lat' dir='ltr'>paulo</span> <span class='ocrx_word' id='word_1_147' title='bbox 573 2991 658 3065; x_wconf 90' lang='lat' dir='ltr'>post,</span> <span class='ocrx_word' id='word_1_148' title='bbox 678 2985 746 3065; x_wconf 86' lang='lat' dir='ltr'>jam</span> <span class='ocrx_word' id='word_1_149' title='bbox 769 2983 808 3045; x_wconf 92' lang='lat' dir='ltr'>ab</span> <span class='ocrx_word' id='word_1_150' title='bbox 828 3000 914 3045; x_wconf 90' lang='lat' dir='ltr'>anno</span> <span class='ocrx_word' id='word_1_151' title='bbox 936 2981 999 3045; x_wconf 76' lang='lat'>377</span> <span class='ocrx_word' id='word_1_152' title='bbox 1022 2984 1057 3045; x_wconf 88' lang='lat' dir='ltr'>in</span> <span class='ocrx_word' id='word_1_153' title='bbox 1080 2982 1266 3055; x_wconf 87' lang='lat' dir='ltr'>Athenien-</span> 
     </span>
     <span class='ocr_line' id='line_1_24' title="bbox 255 3098 1265 3182; baseline 0.001 -18"><span class='ocrx_word' id='word_1_154' title='bbox 255 3103 343 3164; x_wconf 91' lang='lat' dir='ltr'>sium</span> <span class='ocrx_word' id='word_1_155' title='bbox 358 3103 550 3165; x_wconf 85' lang='lat' dir='ltr'>societatem</span> <span class='ocrx_word' id='word_1_156' title='bbox 565 3118 584 3161; x_wconf 88' lang='lat' dir='ltr'>a</span> <span class='ocrx_word' id='word_1_157' title='bbox 607 3100 783 3162; x_wconf 90' lang='lat' dir='ltr'>Timotheo</span> <span class='ocrx_word' id='word_1_158' title='bbox 799 3107 961 3182; x_wconf 90' lang='lat' dir='ltr'>receptos,</span> <span class='ocrx_word' id='word_1_159' title='bbox 978 3098 1118 3182; x_wconf 87' lang='lat' dir='ltr'>Chares,</span> <span class='ocrx_word' id='word_1_160' title='bbox 1135 3103 1265 3165; x_wconf 90' lang='lat' dir='ltr'>Aristo-</span> 
     </span>
     <span class='ocr_line' id='line_1_25' title="bbox 253 3214 1266 3297; baseline 0.005 -22"><span class='ocrx_word' id='word_1_161' title='bbox 253 3216 387 3296; x_wconf 90' lang='lat' dir='ltr'>phontis</span> <span class='ocrx_word' id='word_1_162' title='bbox 401 3214 527 3278; x_wconf 90' lang='lat' dir='ltr'>amicus</span> <span class='ocrx_word' id='word_1_163' title='bbox 543 3222 756 3297; x_wconf 86' lang='lat' dir='ltr'>sectatorque,</span> <span class='ocrx_word' id='word_1_164' title='bbox 776 3216 915 3277; x_wconf 86' lang='lat' dir='ltr'>saevitiis</span> <span class='ocrx_word' id='word_1_165' title='bbox 930 3216 1161 3297; x_wconf 89' lang='lat' dir='ltr'>imperitiaque</span> <span class='ocrx_word' id='word_1_166' title='bbox 1178 3235 1198 3278; x_wconf 86' lang='lat' dir='ltr'>a</span> <span class='ocrx_word' id='word_1_167' title='bbox 1216 3218 1266 3281; x_wconf 90' lang='lat' dir='ltr'>ci·</span> 
     </span>
     <span class='ocr_line' id='line_1_26' title="bbox 255 3331 1266 3412; baseline 0.001 -18"><span class='ocrx_word' id='word_1_168' title='bbox 255 3333 355 3394; x_wconf 86' lang='lat' dir='ltr'>vitate</span> <span class='ocrx_word' id='word_1_169' title='bbox 373 3332 548 3412; x_wconf 86' lang='lat' dir='ltr'>alienabat,</span> <span class='ocrx_word' id='word_1_170' title='bbox 569 3331 889 3412; x_wconf 85' lang='lat' dir='ltr'>Atheniensiumque</span> <span class='ocrx_word' id='word_1_171' title='bbox 909 3333 945 3393; x_wconf 91' lang='lat' dir='ltr'>in</span> <span class='ocrx_word' id='word_1_172' title='bbox 965 3332 1164 3395; x_wconf 89' lang='lat' dir='ltr'>occidentali</span> <span class='ocrx_word' id='word_1_173' title='bbox 1179 3334 1266 3395; x_wconf 89' lang='lat' dir='ltr'>mari</span> 
     </span>
    </p>
   </div>
   <div class='ocr_carea' id='block_1_5' title="bbox 293 3532 768 3775">
    <p class='ocr_par' dir='ltr' id='par_1_6' title="bbox 293 3532 768 3775">
     <span class='ocr_line' id='line_1_27' title="bbox 294 3532 631 3598; baseline 0.006 -14"><span class='ocrx_word' id='word_1_174' title='bbox 294 3535 316 3584; x_wconf 93' lang='lat' dir='ltr'>l.</span> <span class='ocrx_word' id='word_1_175' title='bbox 334 3532 415 3586; x_wconf 80' lang='lat' dir='ltr'>lllsch.</span> <span class='ocrx_word' id='word_1_176' title='bbox 431 3548 454 3585; x_wconf 86' lang='lat' dir='ltr'>c.</span> <span class='ocrx_word' id='word_1_177' title='bbox 472 3534 553 3598; x_wconf 61' lang='lat' dir='ltr'>ths„</span> <span class='ocrx_word' id='word_1_178' title='bbox 573 3536 631 3587; x_wconf 84' lang='lat' dir='ltr'>tet.</span> 
     </span>
     <span class='ocr_line' id='line_1_28' title="bbox 293 3621 768 3688; baseline 0.017 -14"><span class='ocrx_word' id='word_1_179' title='bbox 293 3621 599 3688; x_wconf 59' lang='lat' dir='ltr'>thyrrenumque,</span> <span class='ocrx_word' id='word_1_180' title='bbox 617 3626 660 3676; x_wconf 81' lang='grc'>45.</span> <span class='ocrx_word' id='word_1_181' title='bbox 767 3677 768 3682; x_wconf 73' lang='grc'>,</span> 
     </span>
     <span class='ocr_line' id='line_1_29' title="bbox 293 3711 560 3775; baseline 0.004 -13"><span class='ocrx_word' id='word_1_182' title='bbox 293 3715 317 3762; x_wconf 84' lang='grc'>3.</span> <span class='ocrx_word' id='word_1_183' title='bbox 336 3711 361 3761; x_wconf 87' lang='lat' dir='ltr'>C.</span> <span class='ocrx_word' id='word_1_184' title='bbox 378 3713 397 3763; x_wconf 86' lang='lat' dir='ltr'>l.</span> <span class='ocrx_word' id='word_1_185' title='bbox 414 3714 454 3775; x_wconf 76' lang='grc'>4.,</span> <span class='ocrx_word' id='word_1_186' title='bbox 470 3713 499 3775; x_wconf 91' lang='lat' dir='ltr'>ll,</span> <span class='ocrx_word' id='word_1_187' title='bbox 520 3715 560 3763; x_wconf 82' lang='lat' dir='ltr'>tt.</span> 
     </span>
    </p>
   </div>
   <div class='ocr_carea' id='block_1_6' title="bbox 255 3798 1265 4106">
    <p class='ocr_par' dir='ltr' id='par_1_7' title="bbox 256 3798 1264 3945">
     <span class='ocr_line' id='line_1_30' title="bbox 291 3798 1263 3866; baseline 0.001 -14"><span class='ocrx_word' id='word_1_188' title='bbox 291 3803 316 3852; x_wconf 87' lang='grc'>4.</span> <span class='ocrx_word' id='word_1_189' title='bbox 333 3799 370 3851; x_wconf 82' lang='lat' dir='ltr'>(ll.</span> <span class='ocrx_word' id='word_1_190' title='bbox 386 3798 483 3863; x_wconf 84' lang='lat' dir='ltr'>Busoll‚</span> <span class='ocrx_word' id='word_1_191' title='bbox 501 3815 545 3866; x_wconf 81' lang='lat' dir='ltr'>op.</span> <span class='ocrx_word' id='word_1_192' title='bbox 560 3799 645 3862; x_wconf 68' lang='lat' dir='ltr'>laud„</span> <span class='ocrx_word' id='word_1_193' title='bbox 667 3812 691 3850; x_wconf 90' lang='lat' dir='ltr'>c.</span> <span class='ocrx_word' id='word_1_194' title='bbox 708 3803 733 3863; x_wconf 82' lang='lat'>5,</span> <span class='ocrx_word' id='word_1_195' title='bbox 749 3799 795 3849; x_wconf 82' lang='lat' dir='ltr'>llic</span> <span class='ocrx_word' id='word_1_196' title='bbox 810 3800 944 3851; x_wconf 82' lang='lat' dir='ltr'>Ursacben</span> <span class='ocrx_word' id='word_1_197' title='bbox 958 3800 1003 3851; x_wconf 82' lang='lat' dir='ltr'>des</span> <span class='ocrx_word' id='word_1_198' title='bbox 1017 3803 1263 3865; x_wconf 65' lang='lat' dir='ltr'>Butadesqcnmscu·</span> 
     </span>
     <span class='ocr_line' id='line_1_31' title="bbox 256 3881 1264 3945; baseline 0.004 -13"><span class='ocrx_word' id='word_1_199' title='bbox 256 3881 361 3945; x_wconf 77' lang='lat' dir='ltr'>Kricqes</span> <span class='ocrx_word' id='word_1_200' title='bbox 373 3882 429 3933; x_wconf 79' lang='lat' dir='ltr'>und</span> <span class='ocrx_word' id='word_1_201' title='bbox 444 3882 488 3933; x_wconf 83' lang='lat' dir='ltr'>dic</span> <span class='ocrx_word' id='word_1_202' title='bbox 500 3882 694 3945; x_wconf 76' lang='lat' dir='ltr'>Bcurtlteiluttq</span> <span class='ocrx_word' id='word_1_203' title='bbox 708 3881 757 3932; x_wconf 84' lang='lat' dir='ltr'>der</span> <span class='ocrx_word' id='word_1_204' title='bbox 771 3881 1032 3945; x_wconf 75' lang='lat' dir='ltr'>bundcspeudest&#39;qcn</span> <span class='ocrx_word' id='word_1_205' title='bbox 1048 3882 1264 3942; x_wconf 74' lang='lat' dir='ltr'>Politiltrltltens.</span> 
     </span>
    </p>

    <p class='ocr_par' dir='ltr' id='par_1_8' title="bbox 255 3960 1265 4106">
     <span class='ocr_line' id='line_1_32' title="bbox 291 3960 1265 4023; baseline 0.002 -9"><span class='ocrx_word' id='word_1_206' title='bbox 291 3967 316 4014; x_wconf 77' lang='lat'>5.</span> <span class='ocrx_word' id='word_1_207' title='bbox 335 3961 445 4023; x_wconf 86' lang='lat' dir='ltr'>lloehler‚</span> <span class='ocrx_word' id='word_1_208' title='bbox 465 3962 590 4013; x_wconf 81' lang='lat' dir='ltr'>Mttctett.</span> <span class='ocrx_word' id='word_1_209' title='bbox 610 3961 656 4012; x_wconf 83' lang='lat' dir='ltr'>des</span> <span class='ocrx_word' id='word_1_210' title='bbox 676 3961 700 4013; x_wconf 81' lang='lat' dir='ltr'>d.</span> <span class='ocrx_word' id='word_1_211' title='bbox 718 3960 795 4012; x_wconf 84' lang='lat' dir='ltr'>Arclt.</span> <span class='ocrx_word' id='word_1_212' title='bbox 811 3963 889 4022; x_wconf 79' lang='lat' dir='ltr'>lost,</span> <span class='ocrx_word' id='word_1_213' title='bbox 908 3960 936 4023; x_wconf 87' lang='lat' dir='ltr'>ll,</span> <span class='ocrx_word' id='word_1_214' title='bbox 957 3963 1015 4014; x_wconf 83' lang='grc'>143.</span> <span class='ocrx_word' id='word_1_215' title='bbox 1033 3989 1064 3998; x_wconf 96' lang='grc'><strong>-</strong></span> <span class='ocrx_word' id='word_1_216' title='bbox 1077 3961 1113 4015; x_wconf 85' lang='lat' dir='ltr'>Gi.</span> <span class='ocrx_word' id='word_1_217' title='bbox 1129 3961 1216 4015; x_wconf 88' lang='lat' dir='ltr'>Scltol.</span> <span class='ocrx_word' id='word_1_218' title='bbox 1232 3965 1265 4016; x_wconf 85' lang='lat' dir='ltr'>ed</span> 
     </span>
     <span class='ocr_line' id='line_1_33' title="bbox 255 4039 952 4106; baseline -0.001 -13"><span class='ocrx_word' id='word_1_219' title='bbox 255 4041 349 4104; x_wconf 63' lang='lat' dir='ltr'>AEsch,</span> <span class='ocrx_word' id='word_1_220' title='bbox 367 4043 384 4099; x_wconf 83' lang='lat' dir='ltr'>l,</span> <span class='ocrx_word' id='word_1_221' title='bbox 403 4044 444 4093; x_wconf 85' lang='grc'>64.</span> <span class='ocrx_word' id='word_1_222' title='bbox 462 4069 494 4076; x_wconf 99' lang='grc'>-</span> <span class='ocrx_word' id='word_1_223' title='bbox 510 4039 645 4106; x_wconf 80' lang='lat' dir='ltr'>Hyperid,</span> <span class='ocrx_word' id='word_1_224' title='bbox 663 4043 710 4091; x_wconf 82' lang='lat' dir='ltr'>Pro</span> <span class='ocrx_word' id='word_1_225' title='bbox 726 4041 892 4105; x_wconf 79' lang='lat' dir='ltr'>Euxenippo,</span> <span class='ocrx_word' id='word_1_226' title='bbox 910 4046 952 4093; x_wconf 75' lang='lat'>29.</span> 
     </span>
    </p>
   </div>
   <div class='ocr_carea' id='block_1_7' title="bbox 0 0 1404 4980">
    <p class='ocr_par' dir='ltr' id='par_1_9' title="bbox 0 0 1404 4980">
     <span class='ocr_line' id='line_1_34' title="bbox 0 0 1404 4980; baseline 0 1"><span class='ocrx_word' id='word_1_227' title='bbox 0 0 1404 4980; x_wconf 95' lang='lat' dir='ltr'> </span> 
     </span>
    </p>
   </div>
  </div>
 </body>
</html>
