2798 4980
585 424 804 489 „46-

190 577 285 639 avide
300 571 494 655 postulabat.
514 572 695 633 Pessimam
715 570 881 651 praecipue
900 567 1115 649 pecuniarum
1136 587 1196 650 pu·

191 690 353 754 blicarum
367 688 529 751 rationem
544 685 776 767 Aristophonti
791 687 961 763 ignoscere
977 701 1043 748 uon
1056 692 1196 770 poterat,

191 807 426 886 continuisque
441 804 706 868 accusationibus
727 802 986 883 omnipotentem
1005 802 1199 866 dictatorem

193 922 458 1004 persequebatur.
474 919 571 983 Nunc
586 919 835 1000 Aristophontis
851 920 976 982 amicos
992 917 1195 1000 Moeroclem,

195 1038 512 1122 Cephisophontem,
543 1037 600 1117 qui
628 1037 780 1118 publicas
814 1037 971 1117 pecunias
998 1044 1198 1115 averterant,

194 1156 364 1218 incusabat
375 1152 401 1234 ¹3
417 1171 503 1216 nuuc
519 1150 662 1216 Charem
676 1161 855 1230 strategum
870 1154 907 1215 iu
919 1150 1084 1233 J'udicium
1098 1168 1199 1214 voca-

193 1268 283 1351 bat¹3
301 1287 388 1332 nuuc
402 1267 673 1349 Aristophontem
690 1269 800 1348 ipsum
820 1268 860 1330 de
880 1266 966 1330 male
981 1273 1073 1345 geste
1089 1267 1199 1328 aerarii

194 1383 477 1446 administratione
506 1379 768 1445 criminabatur&
800 1380 864 1444 Ille
893 1381 1027 1461 quidem
1057 1379 1203 1442 crimina
1236 1458 1240 1463 ι

194 1500 390 1561 criminibus
410 1497 605 1578 repellebat‘
624 1518 632 1578 3
652 1497 709 1559 sed
732 1497 899 1561 continuis
923 1495 1200 1560 insectationibus

194 1613 296 1692 petita
313 1612 570 1676 imminuebatur
582 1613 647 1674 viri
662 1613 836 1675 auctoritas
853 1632 861 1673 :
885 1612 1102 1692 Eubulusque
1122 1627 1201 1674 con·

193 1736 244 1790 tra
259 1729 409 1808 populari
426 1729 535 1792 studio
556 1727 715 1790 subnixus
740 1728 774 1789 in
797 1729 868 1790 dies
895 1727 1081 1792 crescebat..
1102 1726 1201 1789 Plebi

194 1843 408 1923 tranquillam
423 1843 588 1905 civitatem
604 1842 732 1905 divitiis
747 1842 979 1925 abundantem,
998 1843 1201 1923 spectaculo-

195 1978 267 2020 rum
282 1960 505 2039 festorumque
521 1958 696 2039 splendore
712 1957 876 2020 celebrem
892 1957 1091 2039 ostentabat3
1115 1958 1202 2022 divi-

195 2073 284 2135 tibus
313 2073 513 2135 tributorum
544 2073 664 2154 finem,
697 2072 817 2152 quibus
844 2072 973 2135 tamdiu
1000 2073 1040 2134 ad
1067 2089 1200 2152 compa·

196 2191 314 2252 randas
328 2189 411 2252 belli
427 2190 636 2252 necessitates
647 2189 793 2270 oppressi
808 2189 949 2270 fuerant,
965 2174 1203 2268 promittebat:

195 2306 349 2369 omnibus
372 2306 476 2368 otium
498 2324 572 2368 cum
598 2305 759 2383 dignitate
783 2304 994 2386 proponebat.
1012 2305 1088 2368 Jam
1109 2307 1205 2386 pacis

196 2438 270 2484 cum
286 2422 386 2484 sociis
401 2421 613 2484 restituendae
630 2429 755 2503 auctor,
768 2421 958 2500 turpissimo
973 2421 1075 2483 simul
1090 2430 1122 2486 et
1137 2422 1205 2485 ini·

196 2556 260 2618 qno
276 2538 397 2600 loedere
413 2537 602 2601 libertatem
617 2537 717 2600 sociis
732 2535 840 2598 libens
858 2536 1092 2601 condonatae.
1104 2536 1204 2600 Anti·
1306 2617 1309 2621 .

197 2673 269 2734 quae
293 2655 497 2734 principatus
522 2653 696 2734 cupiditati
712 2671 843 2735 novam,
866 2655 957 2716 omui
972 2654 1094 2735 injusto
1109 2655 1205 2717 lucro

130 2796 135 2806 ·
197 2766 378 2850 alienam⁶,
411 2767 624 2848 disciplinam
650 2767 860 2847 opponebat:
891 2768 932 2830 ad
964 2768 1206 2848 rempublicam

197 2882 280 2946 bene
295 2883 486 2966 gerendam,
504 2882 545 2944 ad
565 2883 775 2945 obtinendam
796 2882 991 2944 felicitatem
1005 2883 1095 2962 pacis
1117 2893 1205 2946 artes

196 2999 345 3061 sufficere
364 2997 605 3061 contendebat:
632 2997 679 3058 ita
704 2996 941 3076 rempublicam
965 2997 1038 3058 sine
1055 2995 1205 3076 periculo

195 3122 298 3178 tutam
322 3115 402 3197 iore,
429 3115 665 3192 agriculturam
689 3113 872 3196 florentem,
898 3131 1091 3194 prosperum
1113 3131 1205 3177 com-

197 3232 370 3313 mercium,
388 3239 606 3292 mercatorum
620 3248 782 3293 concursu
797 3229 961 3292 celebrem
971 3203 1143 3298 ,civitatem
1158 3241 1204 3314 et,

197 3348 280 3410 bene
303 3356 393 3424 gesto
416 3348 543 3429 aerario,
564 3347 718 3409 omnibus
744 3346 873 3408 divitiis
891 3346 1117 3430 abundantem
1140 3355 1206 3410 tes-

236 3615 260 3664 1.
275 3611 421 3676 Demosth„
437 3614 472 3663 De
481 3611 553 3676 fols·
569 3612 630 3674 leo,
648 3614 710 3665 293.
726 3638 760 3648 —
775 3610 892 3675 Schiiler,
909 3612 928 3676 1,
946 3612 1070 3666 tte-tte.

234 3705 259 3754 2.
275 3699 391 3764 Ariston,
409 3701 494 3764 libet,
511 3701 530 3764 l,
551 3701 591 3752 15.
1138 3712 1141 3717 ·

234 3796 259 3845 3.
274 3790 419 3853 nemesin„
441 3806 464 3843 c.
480 3791 555 3852 Mic„
574 3793 634 3844 tta.
650 3818 684 3828 -
699 3790 814 3854 Scb‘afer,
831 3790 849 3855 l,
871 3794 928 3844 159.
999 3831 1001 3840 ,

233 3883 259 3931 4.
276 3880 420 3945 Demostlt„
439 3882 550 3946 Desots.
569 3885 631 3945 teo„
650 3884 711 3934 ast.

235 3972 259 4020 5.
277 3968 393 4034 Scb'aier,
410 3970 428 4033 1,
444 3974 503 4025 169.
549 3997 551 4000 <

236 4062 261 4108 6.
277 4056 369 4119 Isocr„
386 4060 494 4122 Spauta,
514 4062 536 4120 7,
554 4060 595 4120 et,
614 4061 656 4109 tt.
