2798 4980
588 776 735 843 CAPUT
760 779 816 842 tv.

226 994 300 1046 ouis
323 993 410 1038 nuno
435 972 499 1038 355
525 994 558 1036 ru
582 992 830 1036 arnuurnnsruu
854 992 1034 1036 aerumma
1059 992 1179 1037 runarr

523 1135 712 1181 rncrtottttu
737 1137 871 1180 STATUS.

242 1369 293 1431 Ab
308 1385 394 1431 anno
409 1364 471 1429 361
489 1386 651 1430 summam
666 1385 778 1430 rerum
793 1368 936 1430 Athenis
956 1368 1206 1431 administrabat

197 1483 400 1563 Aristophon
415 1482 610 1545 Azeniensis
627 1491 736 1545 orator
748 1482 769 1564 ¹,
787 1499 852 1561 quo
874 1489 1017 1565 auctore,
1036 1491 1110 1563 post
1131 1481 1205 1546 Cal-

197 1599 319 1662 listrati
343 1599 601 1672 damnationem,
627 1613 720 1659 novae
749 1597 935 1678 disciplinae
960 1600 1030 1661 vias
1055 1599 1205 1676 ingressa

197 1724 265 1778 erat
275 1715 472 1795 respublica.
486 1715 799 1794 Antiquisveterum
809 1714 1067 1778 Atheniensium
1078 1714 1203 1778 artibus

61 1818 66 1824 ’
197 1831 356 1912 imbutus,
372 1829 484 1891 vivida
498 1829 534 1889 in
552 1827 729 1907 Spartanos
746 1829 795 1890 ira
813 1829 980 1911 flagrabat,
1004 1838 1035 1891 et
1050 1829 1201 1891 Lacedae·

196 1947 337 2027 monios,
355 1953 403 2008 tot
416 1945 605 2007 recentibus
621 1942 768 2006 cladibus
780 1944 982 2026 debilitatos,
994 1944 1086 2006 nullo
1103 1946 1201 2008 modo
1273 1967 1275 1970 ·

196 2063 313 2123 fractas
329 2078 406 2140 opes
419 2060 555 2123 reficere
569 2077 665 2139 posse
674 2061 869 2139 patiebatur.
888 2059 984 2133 Quod
998 2061 1201 2141 propositum

196 2185 230 2238 ut
244 2183 485 2259 assequeretur,
499 2183 566 2238 toto
577 2175 689 2237 animo
700 2175 866 2237 Thebanis
882 2177 1044 2254 studebat,
1063 2183 1096 2237 ct
1110 2177 1202 2236 omui

196 2310 255 2372 ope
285 2293 473 2354 enitebatur
499 2300 535 2354 ut
565 2291 702 2353 illorum
730 2292 912 2353 amicitiam
941 2292 1203 2354 Atheniensibus

197 2404 421 2483 conciliaret².
445 2407 632 2469 Dummodo
645 2407 747 2468 maris
767 2407 944 2486 imperium
966 2409 1105 2469 Athenis
1129 2425 1204 2469 con-

196 2522 380 2606 cederetur,
407 2522 595 2586 terrestrem
622 2523 842 2602 principatum
869 2524 1014 2585 libenter
1036 2524 1204 2588 Thebanis

195 2639 416 2721 permittebat,
435 2639 639 2717 duarumque
657 2638 827 2700 civitatum
844 2639 1001 2700 societate
1016 2640 1204 2701 universam

198 2754 359 2818 Graeciam
381 2755 480 2818 facile
503 2755 573 2833 regi
594 2772 688 2834 posse
708 2754 867 2833 sperabat.
891 2755 1101 2836 Eloquentia,
1123 2756 1200 2818 dili·

196 2871 308 2948 gentia
336 2870 544 2949 egregiisque
574 2871 610 2931 in
638 2869 877 2950 rempublicam
899 2872 1029 2932 meritis
1056 2871 1199 2934 multum

145 3034 149 3040 .
196 2988 281 3067 apud
294 2984 453 3067 populum
469 2985 615 3065 valebat,
634 3003 693 3047 nec
711 2987 815 3047 animi
834 2986 978 3064 vigorem
999 2987 1200 3065 impediebat

193 3107 261 3186 jam
274 3104 458 3184 provectior
471 3111 559 3164 aetas.
584 3103 701 3164 Patriae
723 3104 981 3185 amantissimus,
1004 3121 1198 3183 quacunque

195 3222 260 3301 via,
277 3219 330 3281 vel
345 3219 486 3299 pervim
500 3227 596 3298 atque
612 3218 783 3300 injuriam,
804 3219 1061 3282 Atheniensium
1077 3221 1200 3298 princi-

195 3343 307 3417 patum
322 3335 498 3397 defendere
508 3334 562 3397 vel
578 3351 698 3413 augere
709 3334 879 3416 cupiebat3
896 3335 1066 3415 nullisque
1077 3337 1203 3399 artibus

196 3453 398 3532 repugnabat
422 3449 542 3530 quibus
568 3452 621 3514 vel
646 3451 838 3531 reipublicae
860 3451 914 3514 vel
935 3452 1043 3531 plebis
1067 3452 1205 3515 utilitati

197 3567 347 3628 serviret.
364 3566 426 3626 His
441 3553 589 3627 moribus
604 3584 663 3644 per
677 3565 790 3645 plures
805 3584 908 3627 annos
919 3566 1085 3628 civitatem
1101 3567 1205 3628 domi-

235 3780 257 3838 1.
274 3784 311 3839 ct.
329 3786 354 3838 P.
370 3735 469 3849 airardi,
485 3786 647 3850 Aristopbon
664 3785 794 3836 d’Azc'or'o
815 3785 914 3848 (Asson.
937 3799 1004 3851 pour
1023 3785 1204 3851 l'encourage-

174 3871 176 3876 ’
196 3868 268 3916 ment
280 3866 328 3916 des
343 3865 437 3917 etudes
448 3879 591 3933 grecques,
605 3866 680 3928 1883,
691 3879 717 3930 p.
730 3867 865 3925 tre-ran.
876 3895 906 3904 -
920 3865 1035 3928 Sotiates,
1048 3867 1065 3928 l,
1077 3868 1201 3919 tir-tot·

232 3959 257 4005 2.
273 3952 418 4016 Demosth.,
440 3956 475 4004 lte
499 3955 568 4013 Cor„
598 3954 657 4004 tor.
677 3980 710 3988 -
736 3951 818 4004 AEsoh.
835 3968 858 4002 c.
874 3954 954 4015 tter,
975 3956 1083 4008 1311-
1102 3952 1199 4017 dirard,

196 4045 235 4096 op.
250 4033 338 4095 laud,
358 4033 481 4086 tos-tot.
