<?xml version="1.0" encoding="UTF-8"?>
<!DOCTYPE html PUBLIC "-//W3C//DTD XHTML 1.0 Transitional//EN"
    "http://www.w3.org/TR/xhtml1/DTD/xhtml1-transitional.dtd">
<html xmlns="http://www.w3.org/1999/xhtml" xml:lang="en" lang="en">
 <head>
  <title>
</title>
<meta http-equiv="Content-Type" content="text/html;charset=utf-8" />
  <meta name='ocr-system' content='tesseract 3.04.00' />
  <meta name='ocr-capabilities' content='ocr_page ocr_carea ocr_par ocr_line ocrx_word'/>
</head>
<body>
  <div class='ocr_page' id='page_1' title='image "./quotemporequame00diehgoog_0046.png"; bbox 0 0 2798 4980; ppageno 0'>
   <div class='ocr_carea' id='block_1_1' title="bbox 584 417 804 481">
    <p class='ocr_par' dir='ltr' id='par_1_1' title="bbox 584 417 804 481">
     <span class='ocr_line' id='line_1_1' title="bbox 584 417 804 481; baseline -0.005 -13"><span class='ocrx_word' id='word_1_1' title='bbox 584 417 804 481; x_wconf 78' lang='lat'><strong>...37-</strong></span> 
     </span>
    </p>
   </div>
   <div class='ocr_carea' id='block_1_2' title="bbox 112 559 1265 1342">
    <p class='ocr_par' dir='ltr' id='par_1_2' title="bbox 112 559 1265 1342">
     <span class='ocr_line' id='line_1_2' title="bbox 192 559 1197 650; baseline -0.004 -20"><span class='ocrx_word' id='word_1_2' title='bbox 192 564 262 650; x_wconf 85' lang='grc' dir='ltr'>μηδ’</span> <span class='ocrx_word' id='word_1_3' title='bbox 275 560 377 629; x_wconf 74' lang='grc' dir='ltr'>ὁτιοῦν</span> <span class='ocrx_word' id='word_1_4' title='bbox 389 559 522 648; x_wconf 76' lang='grc' dir='ltr'>ὑπάρχει</span> <span class='ocrx_word' id='word_1_5' title='bbox 533 569 573 649; x_wconf 80' lang='grc' dir='ltr'>τῇ</span> <span class='ocrx_word' id='word_1_6' title='bbox 584 563 683 630; x_wconf 76' lang='grc' dir='ltr'>πόλει.</span> <span class='ocrx_word' id='word_1_7' title='bbox 692 617 712 630; x_wconf 91' lang='grc'>..</span> <span class='ocrx_word' id='word_1_8' title='bbox 725 561 863 650; x_wconf 68' lang='grc' dir='ltr'>χρήματ’</span> <span class='ocrx_word' id='word_1_9' title='bbox 877 560 934 635; x_wconf 70' lang='grc' dir='ltr'>οὐκ</span> <span class='ocrx_word' id='word_1_10' title='bbox 945 563 1065 650; x_wconf 77' lang='grc' dir='ltr'><strong>ἔχομεν,</strong></span> <span class='ocrx_word' id='word_1_11' title='bbox 1079 585 1197 641; x_wconf 87' lang='lat' dir='ltr'>unum-</span> 
     </span>
     <span class='ocr_line' id='line_1_3' title="bbox 192 677 1197 761; baseline 0.001 -20"><span class='ocrx_word' id='word_1_12' title='bbox 192 697 255 758; x_wconf 85' lang='lat' dir='ltr'>que</span> <span class='ocrx_word' id='word_1_13' title='bbox 280 679 385 740; x_wconf 87' lang='lat' dir='ltr'>ediis</span> <span class='ocrx_word' id='word_1_14' title='bbox 410 677 653 742; x_wconf 83' lang='lat' dir='ltr'>immortalibus</span> <span class='ocrx_word' id='word_1_15' title='bbox 678 687 829 759; x_wconf 79' lang='lat' dir='ltr'>precatur</span> <span class='ocrx_word' id='word_1_16' title='bbox 853 687 890 741; x_wconf 89' lang='lat' dir='ltr'>ut</span> <span class='ocrx_word' id='word_1_17' title='bbox 913 679 1061 761; x_wconf 73' lang='lat' dir='ltr'><strong>locuples</strong></span> <span class='ocrx_word' id='word_1_18' title='bbox 1084 681 1197 744; x_wconf 84' lang='lat' dir='ltr'>rursus</span> 
     </span>
     <span class='ocr_line' id='line_1_4' title="bbox 193 792 1200 873; baseline 0 -17"><span class='ocrx_word' id='word_1_19' title='bbox 193 795 345 856; x_wconf 83' lang='lat' dir='ltr'>aerarium</span> <span class='ocrx_word' id='word_1_20' title='bbox 368 793 557 873; x_wconf 88' lang='lat' dir='ltr'>respublica</span> <span class='ocrx_word' id='word_1_21' title='bbox 579 793 728 856; x_wconf 87' lang='lat' dir='ltr'>habeat¹.</span> <span class='ocrx_word' id='word_1_22' title='bbox 754 792 958 872; x_wconf 88' lang='lat' dir='ltr'>Quaounque</span> <span class='ocrx_word' id='word_1_23' title='bbox 983 795 1036 856; x_wconf 89' lang='lat' dir='ltr'>via</span> <span class='ocrx_word' id='word_1_24' title='bbox 1056 797 1200 858; x_wconf 83' lang='lat' dir='ltr'>tentatur</span> 
     </span>
     <span class='ocr_line' id='line_1_5' title="bbox 112 907 1265 990; baseline 0.003 -20"><span class='ocrx_word' id='word_1_25' title='bbox 112 907 115 912; x_wconf 76' lang='grc'><strong>’</strong></span> <span class='ocrx_word' id='word_1_26' title='bbox 192 909 334 989; x_wconf 84' lang='lat' dir='ltr'>puhlicae</span> <span class='ocrx_word' id='word_1_27' title='bbox 351 909 470 990; x_wconf 88' lang='lat' dir='ltr'>inopiae</span> <span class='ocrx_word' id='word_1_28' title='bbox 487 927 689 973; x_wconf 80' lang='lat' dir='ltr'>succurrere.</span> <span class='ocrx_word' id='word_1_29' title='bbox 708 909 893 971; x_wconf 74' lang='lat' dir='ltr'>Androtion</span> <span class='ocrx_word' id='word_1_30' title='bbox 910 917 1018 972; x_wconf 89' lang='lat' dir='ltr'>orator</span> <span class='ocrx_word' id='word_1_31' title='bbox 1033 927 1119 973; x_wconf 85' lang='lat' dir='ltr'>anno</span> <span class='ocrx_word' id='word_1_32' title='bbox 1134 907 1198 974; x_wconf 85' lang='lat'>355</span> <span class='ocrx_word' id='word_1_33' title='bbox 1255 951 1265 974; x_wconf 80' lang='grc'><strong>.</strong></span> 
     </span>
     <span class='ocr_line' id='line_1_6' title="bbox 195 1018 1199 1104; baseline 0.004 -19"><span class='ocrx_word' id='word_1_34' title='bbox 195 1025 297 1086; x_wconf 92' lang='lat' dir='ltr'>trium</span> <span class='ocrx_word' id='word_1_35' title='bbox 311 1043 422 1088; x_wconf 87' lang='lat' dir='ltr'>rorum</span> <span class='ocrx_word' id='word_1_36' title='bbox 437 1025 605 1104; x_wconf 82' lang='lat' dir='ltr'>optionem</span> <span class='ocrx_word' id='word_1_37' title='bbox 621 1018 882 1086; x_wconf 76' lang='lat' dir='ltr'>Atheniensibus</span> <span class='ocrx_word' id='word_1_38' title='bbox 902 1025 974 1086; x_wconf 86' lang='lat' dir='ltr'>dari</span> <span class='ocrx_word' id='word_1_39' title='bbox 990 1026 1199 1089; x_wconf 89' lang='lat' dir='ltr'>inconcione</span> 
     </span>
     <span class='ocr_line' id='line_1_7' title="bbox 194 1140 1242 1222; baseline 0.001 -21"><span class='ocrx_word' id='word_1_40' title='bbox 194 1140 418 1221; x_wconf 87' lang='lat' dir='ltr'>profitebatur,</span> <span class='ocrx_word' id='word_1_41' title='bbox 435 1141 490 1202; x_wconf 87' lang='lat' dir='ltr'>aut</span> <span class='ocrx_word' id='word_1_42' title='bbox 505 1158 595 1202; x_wconf 89' lang='lat' dir='ltr'>sacra</span> <span class='ocrx_word' id='word_1_43' title='bbox 609 1140 915 1222; x_wconf 81' lang='lat' dir='ltr'>rasa&#39;conscoanda,</span> <span class='ocrx_word' id='word_1_44' title='bbox 929 1149 985 1203; x_wconf 89' lang='lat' dir='ltr'>aut</span> <span class='ocrx_word' id='word_1_45' title='bbox 1005 1158 1103 1203; x_wconf 88' lang='lat' dir='ltr'>novas</span> <span class='ocrx_word' id='word_1_46' title='bbox 1125 1159 1199 1204; x_wconf 86' lang='lat' dir='ltr'>con·</span> <span class='ocrx_word' id='word_1_47' title='bbox 1234 1180 1242 1195; x_wconf 53' lang='grc' dir='ltr'>ι</span> 
     </span>
     <span class='ocr_line' id='line_1_8' title="bbox 194 1251 1201 1342; baseline 0.004 -26"><span class='ocrx_word' id='word_1_48' title='bbox 194 1255 346 1319; x_wconf 85' lang='lat' dir='ltr'>terendas</span> <span class='ocrx_word' id='word_1_49' title='bbox 360 1251 517 1342; x_wconf 73' lang='grc' dir='ltr'><strong>εἷσφόρας,</strong></span> <span class='ocrx_word' id='word_1_50' title='bbox 539 1263 594 1317; x_wconf 88' lang='lat' dir='ltr'>aut</span> <span class='ocrx_word' id='word_1_51' title='bbox 617 1273 635 1315; x_wconf 87' lang='lat' dir='ltr'>a</span> <span class='ocrx_word' id='word_1_52' title='bbox 653 1255 849 1318; x_wconf 88' lang='lat' dir='ltr'>debentibus</span> <span class='ocrx_word' id='word_1_53' title='bbox 871 1256 1031 1333; x_wconf 84' lang='lat' dir='ltr'>exigenda</span> <span class='ocrx_word' id='word_1_54' title='bbox 1049 1259 1201 1337; x_wconf 89' lang='lat' dir='ltr'>imperati</span> 
     </span>
    </p>
   </div>
   <div class='ocr_carea' id='block_1_3' title="bbox 114 1371 1267 3422">
    <p class='ocr_par' dir='ltr' id='par_1_3' title="bbox 114 1371 1267 3422">
     <span class='ocr_line' id='line_1_9' title="bbox 182 1371 1200 1453; baseline 0.001 -19"><span class='ocrx_word' id='word_1_55' title='bbox 182 1374 359 1453; x_wconf 89' lang='lat' dir='ltr'>quondam</span> <span class='ocrx_word' id='word_1_56' title='bbox 388 1373 568 1435; x_wconf 90' lang='lat' dir='ltr'>Nausinico</span> <span class='ocrx_word' id='word_1_57' title='bbox 596 1372 752 1434; x_wconf 86' lang='lat' dir='ltr'>archonte</span> <span class='ocrx_word' id='word_1_58' title='bbox 779 1371 897 1434; x_wconf 90' lang='lat' dir='ltr'>tributi</span> <span class='ocrx_word' id='word_1_59' title='bbox 926 1372 1091 1453; x_wconf 71' lang='lat' dir='ltr'>reliqua2.</span> <span class='ocrx_word' id='word_1_60' title='bbox 1108 1374 1200 1436; x_wconf 89' lang='lat' dir='ltr'>Aris-</span> 
     </span>
     <span class='ocr_line' id='line_1_10' title="bbox 194 1488 1197 1574; baseline 0.001 -23"><span class='ocrx_word' id='word_1_61' title='bbox 194 1489 317 1568; x_wconf 91' lang='lat' dir='ltr'>tophon</span> <span class='ocrx_word' id='word_1_62' title='bbox 331 1490 499 1551; x_wconf 90' lang='lat' dir='ltr'>decretum</span> <span class='ocrx_word' id='word_1_63' title='bbox 513 1489 659 1570; x_wconf 81' lang='lat' dir='ltr'>rogabat,</span> <span class='ocrx_word' id='word_1_64' title='bbox 678 1488 870 1564; x_wconf 83' lang='lat' dir='ltr'>deligendos</span> <span class='ocrx_word' id='word_1_65' title='bbox 886 1507 956 1550; x_wconf 87' lang='lat' dir='ltr'>esse</span> <span class='ocrx_word' id='word_1_66' title='bbox 972 1490 1197 1574; x_wconf 84' lang='lat' dir='ltr'>inquisitores,</span> 
     </span>
     <span class='ocr_line' id='line_1_11' title="bbox 193 1602 1199 1684; baseline 0 -18"><span class='ocrx_word' id='word_1_67' title='bbox 193 1605 279 1683; x_wconf 90' lang='lat' dir='ltr'>apud</span> <span class='ocrx_word' id='word_1_68' title='bbox 302 1621 384 1683; x_wconf 91' lang='lat' dir='ltr'>quos</span> <span class='ocrx_word' id='word_1_69' title='bbox 410 1604 609 1684; x_wconf 86' lang='lat' dir='ltr'>quicumque</span> <span class='ocrx_word' id='word_1_70' title='bbox 632 1602 774 1683; x_wconf 90' lang='lat' dir='ltr'>publicae</span> <span class='ocrx_word' id='word_1_71' title='bbox 795 1604 944 1683; x_wconf 82' lang='lat' dir='ltr'>pecuniae</span> <span class='ocrx_word' id='word_1_72' title='bbox 968 1602 1096 1683; x_wconf 89' lang='lat' dir='ltr'>aliquid</span> <span class='ocrx_word' id='word_1_73' title='bbox 1119 1604 1199 1666; x_wconf 91' lang='lat' dir='ltr'>deti-</span> 
     </span>
     <span class='ocr_line' id='line_1_12' title="bbox 193 1716 1198 1801; baseline 0.001 -21"><span class='ocrx_word' id='word_1_74' title='bbox 193 1726 297 1799; x_wconf 80' lang='lat' dir='ltr'>neret,</span> <span class='ocrx_word' id='word_1_75' title='bbox 314 1720 422 1780; x_wconf 91' lang='lat' dir='ltr'>statim</span> <span class='ocrx_word' id='word_1_76' title='bbox 435 1716 643 1783; x_wconf 83' lang='lat' dir='ltr'>deferretur³.</span> <span class='ocrx_word' id='word_1_77' title='bbox 664 1719 819 1798; x_wconf 87' lang='lat' dir='ltr'>Leptines</span> <span class='ocrx_word' id='word_1_78' title='bbox 839 1719 1047 1796; x_wconf 84' lang='lat' dir='ltr'>rogationem</span> <span class='ocrx_word' id='word_1_79' title='bbox 1061 1718 1198 1801; x_wconf 88' lang='lat' dir='ltr'>ferebat,</span> 
     </span>
     <span class='ocr_line' id='line_1_13' title="bbox 178 1833 1201 1915; baseline 0.001 -19"><span class='ocrx_word' id='word_1_80' title='bbox 178 1853 257 1915; x_wconf 88' lang='lat' dir='ltr'>-qua</span> <span class='ocrx_word' id='word_1_81' title='bbox 278 1851 391 1896; x_wconf 91' lang='lat' dir='ltr'>omnes</span> <span class='ocrx_word' id='word_1_82' title='bbox 411 1835 645 1913; x_wconf 86' lang='lat' dir='ltr'>abrogarentur</span> <span class='ocrx_word' id='word_1_83' title='bbox 665 1852 828 1897; x_wconf 84' lang='lat' dir='ltr'>concessae</span> <span class='ocrx_word' id='word_1_84' title='bbox 849 1835 1088 1897; x_wconf 90' lang='lat' dir='ltr'>immunitates.</span> <span class='ocrx_word' id='word_1_85' title='bbox 1112 1833 1201 1908; x_wconf 85' lang='lat' dir='ltr'>Quid</span> 
     </span>
     <span class='ocr_line' id='line_1_14' title="bbox 115 1933 1201 2031; baseline 0.001 -19"><span class='ocrx_word' id='word_1_86' title='bbox 115 1933 117 1937; x_wconf 32' lang='lat'>⁸</span> <span class='ocrx_word' id='word_1_87' title='bbox 192 1946 314 2031; x_wconf 83' lang='lat' dir='ltr'>plura?</span> <span class='ocrx_word' id='word_1_88' title='bbox 337 1951 412 2013; x_wconf 93' lang='lat' dir='ltr'>Non</span> <span class='ocrx_word' id='word_1_89' title='bbox 432 1950 541 2014; x_wconf 91' lang='lat' dir='ltr'>solum</span> <span class='ocrx_word' id='word_1_90' title='bbox 559 1950 676 2013; x_wconf 86' lang='lat' dir='ltr'>sociali</span> <span class='ocrx_word' id='word_1_91' title='bbox 705 1951 795 2013; x_wconf 90' lang='lat' dir='ltr'>hello</span> <span class='ocrx_word' id='word_1_92' title='bbox 815 1950 928 2012; x_wconf 85' lang='lat' dir='ltr'>multae</span> <span class='ocrx_word' id='word_1_93' title='bbox 950 1952 1101 2030; x_wconf 88' lang='lat' dir='ltr'>pecuniae</span> <span class='ocrx_word' id='word_1_94' title='bbox 1126 1969 1201 2013; x_wconf 92' lang='lat' dir='ltr'>con-</span> 
     </span>
     <span class='ocr_line' id='line_1_15' title="bbox 195 2067 1201 2148; baseline -0.001 -19"><span class='ocrx_word' id='word_1_95' title='bbox 195 2074 332 2146; x_wconf 84' lang='lat' dir='ltr'>sumptae</span> <span class='ocrx_word' id='word_1_96' title='bbox 344 2067 493 2130; x_wconf 78' lang='lat' dir='ltr'>suerant:</span> <span class='ocrx_word' id='word_1_97' title='bbox 513 2067 621 2129; x_wconf 87' lang='lat' dir='ltr'>sedne</span> <span class='ocrx_word' id='word_1_98' title='bbox 633 2085 706 2146; x_wconf 89' lang='lat' dir='ltr'>spes</span> <span class='ocrx_word' id='word_1_99' title='bbox 718 2067 852 2148; x_wconf 90' lang='lat' dir='ltr'>quidem</span> <span class='ocrx_word' id='word_1_100' title='bbox 863 2068 1052 2129; x_wconf 87' lang='lat' dir='ltr'>remanebat</span> <span class='ocrx_word' id='word_1_101' title='bbox 1063 2067 1201 2129; x_wconf 86' lang='lat' dir='ltr'>exhaus-</span> 
     </span>
     <span class='ocr_line' id='line_1_16' title="bbox 196 2181 1267 2262; baseline 0 -18"><span class='ocrx_word' id='word_1_102' title='bbox 196 2187 265 2246; x_wconf 90' lang='lat' dir='ltr'>tum</span> <span class='ocrx_word' id='word_1_103' title='bbox 281 2184 434 2245; x_wconf 86' lang='lat' dir='ltr'>aerarium</span> <span class='ocrx_word' id='word_1_104' title='bbox 444 2184 533 2262; x_wconf 89' lang='lat' dir='ltr'>pacis</span> <span class='ocrx_word' id='word_1_105' title='bbox 546 2190 689 2262; x_wconf 88' lang='lat' dir='ltr'>tempore</span> <span class='ocrx_word' id='word_1_106' title='bbox 699 2181 797 2244; x_wconf 81' lang='lat' dir='ltr'>facile</span> <span class='ocrx_word' id='word_1_107' title='bbox 808 2181 992 2245; x_wconf 87' lang='lat' dir='ltr'>reficiendi.</span> <span class='ocrx_word' id='word_1_108' title='bbox 1006 2181 1082 2245; x_wconf 93' lang='lat' dir='ltr'>Non</span> <span class='ocrx_word' id='word_1_109' title='bbox 1093 2182 1201 2245; x_wconf 91' lang='lat' dir='ltr'>solum</span> <span class='ocrx_word' id='word_1_110' title='bbox 1263 2208 1267 2217; x_wconf 91' lang='lat'><em>·</em></span> 
     </span>
     <span class='ocr_line' id='line_1_17' title="bbox 193 2297 1201 2379; baseline 0 -19"><span class='ocrx_word' id='word_1_111' title='bbox 193 2299 319 2361; x_wconf 91' lang='lat' dir='ltr'>reditus</span> <span class='ocrx_word' id='word_1_112' title='bbox 344 2300 491 2379; x_wconf 82' lang='lat' dir='ltr'>deerant,</span> <span class='ocrx_word' id='word_1_113' title='bbox 518 2298 576 2360; x_wconf 89' lang='lat' dir='ltr'>sed</span> <span class='ocrx_word' id='word_1_114' title='bbox 600 2299 766 2359; x_wconf 85' lang='lat' dir='ltr'>redituum</span> <span class='ocrx_word' id='word_1_115' title='bbox 791 2297 894 2359; x_wconf 90' lang='lat' dir='ltr'>simul</span> <span class='ocrx_word' id='word_1_116' title='bbox 916 2298 1024 2360; x_wconf 87' lang='lat' dir='ltr'>fontes</span> <span class='ocrx_word' id='word_1_117' title='bbox 1050 2298 1201 2362; x_wconf 84' lang='lat' dir='ltr'>exhausti</span> 
     </span>
     <span class='ocr_line' id='line_1_18' title="bbox 193 2413 1200 2495; baseline 0.001 -19"><span class='ocrx_word' id='word_1_118' title='bbox 193 2416 341 2495; x_wconf 69' lang='lat' dir='ltr'>fuerant,</span> <span class='ocrx_word' id='word_1_119' title='bbox 366 2433 433 2476; x_wconf 89' lang='lat' dir='ltr'>non</span> <span class='ocrx_word' id='word_1_120' title='bbox 458 2414 565 2477; x_wconf 88' lang='lat' dir='ltr'>solum</span> <span class='ocrx_word' id='word_1_121' title='bbox 591 2413 749 2493; x_wconf 86' lang='lat' dir='ltr'>impedito</span> <span class='ocrx_word' id='word_1_122' title='bbox 773 2414 969 2476; x_wconf 88' lang='lat' dir='ltr'>commercio</span> <span class='ocrx_word' id='word_1_123' title='bbox 996 2422 1027 2475; x_wconf 89' lang='lat' dir='ltr'>et</span> <span class='ocrx_word' id='word_1_124' title='bbox 1050 2415 1200 2490; x_wconf 81' lang='lat' dir='ltr'>neglecta</span> 
     </span>
     <span class='ocr_line' id='line_1_19' title="bbox 193 2526 1198 2610; baseline 0.001 -20"><span class='ocrx_word' id='word_1_125' title='bbox 193 2529 393 2606; x_wconf 84' lang='lat' dir='ltr'>agricultura</span> <span class='ocrx_word' id='word_1_126' title='bbox 402 2529 593 2591; x_wconf 87' lang='lat' dir='ltr'>laborabant</span> <span class='ocrx_word' id='word_1_127' title='bbox 605 2529 825 2591; x_wconf 83' lang='lat' dir='ltr'>Athenienses</span> <span class='ocrx_word' id='word_1_128' title='bbox 836 2526 859 2610; x_wconf 82' lang='lat'>⁴,</span> <span class='ocrx_word' id='word_1_129' title='bbox 878 2547 950 2609; x_wconf 83' lang='lat' dir='ltr'>quae</span> <span class='ocrx_word' id='word_1_130' title='bbox 960 2529 1094 2607; x_wconf 91' lang='lat' dir='ltr'>quidem</span> <span class='ocrx_word' id='word_1_131' title='bbox 1106 2531 1198 2592; x_wconf 88' lang='lat' dir='ltr'>finito</span> 
     </span>
     <span class='ocr_line' id='line_1_20' title="bbox 152 2643 1198 2729; baseline 0.004 -24"><span class='ocrx_word' id='word_1_132' title='bbox 152 2725 154 2729; x_wconf 23' lang='grc' dir='ltr'>Ι</span> <span class='ocrx_word' id='word_1_133' title='bbox 192 2643 281 2707; x_wconf 88' lang='lat' dir='ltr'>hello</span> <span class='ocrx_word' id='word_1_134' title='bbox 297 2662 399 2707; x_wconf 90' lang='lat' dir='ltr'>novos</span> <span class='ocrx_word' id='word_1_135' title='bbox 417 2664 531 2707; x_wconf 89' lang='lat' dir='ltr'>rursus</span> <span class='ocrx_word' id='word_1_136' title='bbox 550 2652 729 2725; x_wconf 90' lang='lat' dir='ltr'>proventus</span> <span class='ocrx_word' id='word_1_137' title='bbox 748 2646 864 2707; x_wconf 86' lang='lat' dir='ltr'>afferre</span> <span class='ocrx_word' id='word_1_138' title='bbox 886 2652 1055 2726; x_wconf 76' lang='lat' dir='ltr'>poterant,</span> <span class='ocrx_word' id='word_1_139' title='bbox 1072 2646 1129 2708; x_wconf 89' lang='lat' dir='ltr'>sed</span> <span class='ocrx_word' id='word_1_140' title='bbox 1144 2647 1198 2709; x_wconf 88' lang='lat' dir='ltr'>de·</span> 
     </span>
     <span class='ocr_line' id='line_1_21' title="bbox 193 2760 1196 2841; baseline 0.002 -20"><span class='ocrx_word' id='word_1_141' title='bbox 193 2761 336 2822; x_wconf 82' lang='lat' dir='ltr'>fecerant</span> <span class='ocrx_word' id='word_1_142' title='bbox 357 2761 440 2822; x_wconf 89' lang='lat' dir='ltr'>socii</span> <span class='ocrx_word' id='word_1_143' title='bbox 462 2760 627 2841; x_wconf 91' lang='lat' dir='ltr'>simulque</span> <span class='ocrx_word' id='word_1_144' title='bbox 650 2761 822 2823; x_wconf 80' lang='lat' dir='ltr'>deficiebat</span> <span class='ocrx_word' id='word_1_145' title='bbox 844 2761 989 2840; x_wconf 88' lang='lat' dir='ltr'>plurima</span> <span class='ocrx_word' id='word_1_146' title='bbox 1014 2762 1196 2841; x_wconf 91' lang='lat' dir='ltr'>amplorum</span> 
     </span>
     <span class='ocr_line' id='line_1_22' title="bbox 193 2859 1197 2957; baseline -0.001 -18"><span class='ocrx_word' id='word_1_147' title='bbox 193 2878 391 2940; x_wconf 88' lang='lat' dir='ltr'>tributorum</span> <span class='ocrx_word' id='word_1_148' title='bbox 403 2895 477 2956; x_wconf 91' lang='lat' dir='ltr'>pars</span> <span class='ocrx_word' id='word_1_149' title='bbox 488 2873 510 2939; x_wconf 78' lang='lat'>⁵.</span> <span class='ocrx_word' id='word_1_150' title='bbox 530 2877 705 2957; x_wconf 89' lang='lat' dir='ltr'>Propterea</span> <span class='ocrx_word' id='word_1_151' title='bbox 720 2879 797 2940; x_wconf 90' lang='lat' dir='ltr'>novi</span> <span class='ocrx_word' id='word_1_152' title='bbox 811 2878 1022 2957; x_wconf 87' lang='lat' dir='ltr'>publicorum</span> <span class='ocrx_word' id='word_1_153' title='bbox 1033 2859 1197 2940; x_wconf 86' lang='lat' dir='ltr'>redituum</span> 
     </span>
     <span class='ocr_line' id='line_1_23' title="bbox 193 2994 1198 3075; baseline 0.002 -21"><span class='ocrx_word' id='word_1_154' title='bbox 193 2994 299 3056; x_wconf 88' lang='lat' dir='ltr'>fontes</span> <span class='ocrx_word' id='word_1_155' title='bbox 327 2994 497 3075; x_wconf 86' lang='lat' dir='ltr'>quaerendi</span> <span class='ocrx_word' id='word_1_156' title='bbox 522 3001 638 3073; x_wconf 80' lang='lat' dir='ltr'>erant3</span> <span class='ocrx_word' id='word_1_157' title='bbox 666 3000 835 3072; x_wconf 87' lang='lat' dir='ltr'>propterea</span> <span class='ocrx_word' id='word_1_158' title='bbox 855 2994 895 3056; x_wconf 92' lang='lat' dir='ltr'>ad</span> <span class='ocrx_word' id='word_1_159' title='bbox 918 2994 1071 3056; x_wconf 89' lang='lat' dir='ltr'>alendam</span> <span class='ocrx_word' id='word_1_160' title='bbox 1090 2994 1198 3074; x_wconf 90' lang='lat' dir='ltr'>plebis</span> 
     </span>
     <span class='ocr_line' id='line_1_24' title="bbox 182 3109 1198 3193; baseline 0.001 -21"><span class='ocrx_word' id='word_1_161' title='bbox 182 3111 339 3189; x_wconf 84' lang='lat' dir='ltr'>inopiam</span> <span class='ocrx_word' id='word_1_162' title='bbox 363 3128 454 3172; x_wconf 86' lang='lat' dir='ltr'>novae</span> <span class='ocrx_word' id='word_1_163' title='bbox 480 3111 543 3171; x_wconf 83' lang='lat' dir='ltr'>riae</span> <span class='ocrx_word' id='word_1_164' title='bbox 565 3109 757 3173; x_wconf 87' lang='lat' dir='ltr'>hominihus</span> <span class='ocrx_word' id='word_1_165' title='bbox 779 3111 986 3173; x_wconf 87' lang='lat' dir='ltr'>inveniendae</span> <span class='ocrx_word' id='word_1_166' title='bbox 1009 3118 1116 3193; x_wconf 90' lang='lat' dir='ltr'>erant,</span> <span class='ocrx_word' id='word_1_167' title='bbox 1140 3112 1198 3190; x_wconf 88' lang='lat' dir='ltr'>qui</span> 
     </span>
     <span class='ocr_line' id='line_1_25' title="bbox 114 3225 1197 3307; baseline 0 -21"><span class='ocrx_word' id='word_1_168' title='bbox 114 3259 118 3266; x_wconf 94' lang='lat'><em>-</em></span> <span class='ocrx_word' id='word_1_169' title='bbox 193 3225 1197 3307; x_wconf 76' lang='lat' dir='ltr'>reipublicaeAtheniensiumpraeerant3proptereahthenien-</span> 
     </span>
     <span class='ocr_line' id='line_1_26' title="bbox 193 3341 1197 3422; baseline 0 -20"><span class='ocrx_word' id='word_1_170' title='bbox 193 3341 283 3403; x_wconf 87' lang='lat' dir='ltr'>sibus</span> <span class='ocrx_word' id='word_1_171' title='bbox 301 3341 575 3404; x_wconf 88' lang='lat' dir='ltr'>considerandum</span> <span class='ocrx_word' id='word_1_172' title='bbox 588 3349 656 3404; x_wconf 87' lang='lat' dir='ltr'>erat</span> <span class='ocrx_word' id='word_1_173' title='bbox 676 3361 717 3404; x_wconf 89' lang='lat' dir='ltr'>an</span> <span class='ocrx_word' id='word_1_174' title='bbox 736 3341 848 3422; x_wconf 89' lang='lat' dir='ltr'>aliqua</span> <span class='ocrx_word' id='word_1_175' title='bbox 862 3343 987 3404; x_wconf 88' lang='lat' dir='ltr'>ratione</span> <span class='ocrx_word' id='word_1_176' title='bbox 1004 3361 1042 3404; x_wconf 85' lang='lat' dir='ltr'>ex</span> <span class='ocrx_word' id='word_1_177' title='bbox 1055 3342 1197 3420; x_wconf 90' lang='lat' dir='ltr'>propriis</span> 
     </span>
    </p>
   </div>
   <div class='ocr_carea' id='block_1_4' title="bbox 191 3612 1196 3765">
    <p class='ocr_par' dir='ltr' id='par_1_4' title="bbox 191 3612 1196 3765">
     <span class='ocr_line' id='line_1_27' title="bbox 230 3612 1196 3685; baseline -0.002 -17"><span class='ocrx_word' id='word_1_178' title='bbox 230 3621 252 3668; x_wconf 86' lang='lat' dir='ltr'>t.</span> <span class='ocrx_word' id='word_1_179' title='bbox 265 3616 397 3668; x_wconf 83' lang='lat' dir='ltr'>Demosth.</span> <span class='ocrx_word' id='word_1_180' title='bbox 419 3631 441 3668; x_wconf 88' lang='lat' dir='ltr'>c.</span> <span class='ocrx_word' id='word_1_181' title='bbox 459 3619 542 3682; x_wconf 74' lang='lat' dir='ltr'>cept,</span> <span class='ocrx_word' id='word_1_182' title='bbox 557 3619 600 3679; x_wconf 73' lang='grc'>24,</span> <span class='ocrx_word' id='word_1_183' title='bbox 618 3622 659 3670; x_wconf 71' lang='grc'>25.</span> <span class='ocrx_word' id='word_1_184' title='bbox 677 3616 712 3666; x_wconf 80' lang='lat' dir='ltr'>Gi.</span> <span class='ocrx_word' id='word_1_185' title='bbox 730 3617 808 3678; x_wconf 59' lang='lat' dir='ltr'>ibid„</span> <span class='ocrx_word' id='word_1_186' title='bbox 828 3619 884 3679; x_wconf 79' lang='lat' dir='ltr'>tta,</span> <span class='ocrx_word' id='word_1_187' title='bbox 902 3612 956 3666; x_wconf 84' lang='grc' dir='ltr'>τότε</span> <span class='ocrx_word' id='word_1_188' title='bbox 972 3613 1075 3685; x_wconf 78' lang='grc' dir='ltr'>μὲνγὰρ</span> <span class='ocrx_word' id='word_1_189' title='bbox 1092 3617 1106 3681; x_wconf 81' lang='grc' dir='ltr'>ἥ</span> <span class='ocrx_word' id='word_1_190' title='bbox 1124 3613 1196 3676; x_wconf 80' lang='grc' dir='ltr'>πόλις</span> 
     </span>
     <span class='ocr_line' id='line_1_28' title="bbox 191 3689 950 3765; baseline 0.001 -21"><span class='ocrx_word' id='word_1_191' title='bbox 191 3694 261 3763; x_wconf 80' lang='grc' dir='ltr'>ἡμῶν</span> <span class='ocrx_word' id='word_1_192' title='bbox 276 3695 317 3746; x_wconf 79' lang='grc' dir='ltr'>καὶ</span> <span class='ocrx_word' id='word_1_193' title='bbox 332 3699 376 3764; x_wconf 77' lang='grc' dir='ltr'>γῆς</span> <span class='ocrx_word' id='word_1_194' title='bbox 392 3689 491 3763; x_wconf 76' lang='grc' dir='ltr'>εὐπόρει</span> <span class='ocrx_word' id='word_1_195' title='bbox 505 3695 546 3746; x_wconf 84' lang='grc' dir='ltr'>καί</span> <span class='ocrx_word' id='word_1_196' title='bbox 560 3692 708 3765; x_wconf 75' lang='grc' dir='ltr'>χρημάτων,</span> <span class='ocrx_word' id='word_1_197' title='bbox 726 3699 766 3746; x_wconf 84' lang='grc' dir='ltr'>νῦν</span> <span class='ocrx_word' id='word_1_198' title='bbox 782 3690 950 3764; x_wconf 79' lang='grc' dir='ltr'>δἐὖπορήσει.</span> 
     </span>
    </p>
   </div>
   <div class='ocr_carea' id='block_1_5' title="bbox 227 3776 1291 3848">
    <p class='ocr_par' dir='ltr' id='par_1_5' title="bbox 227 3776 1291 3848">
     <span class='ocr_line' id='line_1_29' title="bbox 227 3776 1291 3848; baseline 0 -10"><span class='ocrx_word' id='word_1_199' title='bbox 227 3791 251 3838; x_wconf 80' lang='lat' dir='ltr'>a.</span> <span class='ocrx_word' id='word_1_200' title='bbox 267 3784 400 3838; x_wconf 71' lang='lat' dir='ltr'>nemesio.</span> <span class='ocrx_word' id='word_1_201' title='bbox 418 3799 440 3836; x_wconf 79' lang='lat' dir='ltr'>c.</span> <span class='ocrx_word' id='word_1_202' title='bbox 458 3785 579 3848; x_wconf 67' lang='lat' dir='ltr'>Anda-ot„</span> <span class='ocrx_word' id='word_1_203' title='bbox 597 3787 638 3838; x_wconf 80' lang='lat' dir='ltr'>ta.</span> <span class='ocrx_word' id='word_1_204' title='bbox 657 3787 691 3837; x_wconf 81' lang='lat' dir='ltr'>oe</span> <span class='ocrx_word' id='word_1_205' title='bbox 705 3783 863 3837; x_wconf 73' lang='lat' dir='ltr'>androtione</span> <span class='ocrx_word' id='word_1_206' title='bbox 876 3785 910 3837; x_wconf 78' lang='lat' dir='ltr'>at.</span> <span class='ocrx_word' id='word_1_207' title='bbox 930 3786 956 3837; x_wconf 85' lang='lat' dir='ltr'>c.</span> <span class='ocrx_word' id='word_1_208' title='bbox 974 3788 991 3836; x_wconf 83' lang='lat'>1.</span> <span class='ocrx_word' id='word_1_209' title='bbox 1011 3787 1052 3847; x_wconf 84' lang='grc'><strong>1.,</strong></span> <span class='ocrx_word' id='word_1_210' title='bbox 1069 3785 1096 3843; x_wconf 83' lang='grc'><strong>11,</strong></span> <span class='ocrx_word' id='word_1_211' title='bbox 1113 3788 1193 3844; x_wconf 67' lang='grc'><strong>111.</strong></span> <span class='ocrx_word' id='word_1_212' title='bbox 1289 3776 1291 3781; x_wconf 78' lang='grc'>’</span> 
     </span>
    </p>
   </div>
   <div class='ocr_carea' id='block_1_6' title="bbox 227 3873 936 4113">
    <p class='ocr_par' dir='ltr' id='par_1_6' title="bbox 227 3873 936 4113">
     <span class='ocr_line' id='line_1_30' title="bbox 227 3873 653 3936; baseline 0 -10"><span class='ocrx_word' id='word_1_213' title='bbox 227 3879 252 3926; x_wconf 84' lang='grc'>3.</span> <span class='ocrx_word' id='word_1_214' title='bbox 268 3873 402 3926; x_wconf 86' lang='lat' dir='ltr'>Demosth.</span> <span class='ocrx_word' id='word_1_215' title='bbox 424 3889 447 3924; x_wconf 87' lang='lat' dir='ltr'>c.</span> <span class='ocrx_word' id='word_1_216' title='bbox 467 3874 590 3936; x_wconf 62' lang='lat' dir='ltr'>Tiorocr„</span> <span class='ocrx_word' id='word_1_217' title='bbox 613 3876 653 3926; x_wconf 89' lang='lat' dir='ltr'>lt.</span> 
     </span>
     <span class='ocr_line' id='line_1_31' title="bbox 227 3962 936 4027; baseline -0.004 -13"><span class='ocrx_word' id='word_1_218' title='bbox 227 3964 252 4014; x_wconf 80' lang='lat' dir='ltr'>t.</span> <span class='ocrx_word' id='word_1_219' title='bbox 272 3964 350 4024; x_wconf 64' lang='lat' dir='ltr'>Vaut„</span> <span class='ocrx_word' id='word_1_220' title='bbox 369 3962 475 4025; x_wconf 78' lang='lat' dir='ltr'>1r‚to;</span> <span class='ocrx_word' id='word_1_221' title='bbox 494 3963 519 4023; x_wconf 80' lang='lat' dir='ltr'>t,</span> <span class='ocrx_word' id='word_1_222' title='bbox 540 3962 815 4027; x_wconf 71' lang='lat' dir='ltr'>12.1socr.‚symm.‚</span> <span class='ocrx_word' id='word_1_223' title='bbox 836 3963 875 4023; x_wconf 84' lang='lat' dir='ltr'>to,</span> <span class='ocrx_word' id='word_1_224' title='bbox 893 3965 936 4014; x_wconf 76' lang='lat'>20.</span> 
     </span>
     <span class='ocr_line' id='line_1_32' title="bbox 228 4049 632 4113; baseline 0 -11"><span class='ocrx_word' id='word_1_225' title='bbox 228 4055 253 4102; x_wconf 85' lang='lat'>5.</span> <span class='ocrx_word' id='word_1_226' title='bbox 271 4049 416 4113; x_wconf 80' lang='lat' dir='ltr'>Demosth,</span> <span class='ocrx_word' id='word_1_227' title='bbox 434 4052 467 4100; x_wconf 83' lang='lat' dir='ltr'>De</span> <span class='ocrx_word' id='word_1_228' title='bbox 483 4055 553 4113; x_wconf 61' lang='lat' dir='ltr'>cor„</span> <span class='ocrx_word' id='word_1_229' title='bbox 572 4052 632 4104; x_wconf 73' lang='lat'>234.</span> 
     </span>
    </p>
   </div>
   <div class='ocr_carea' id='block_1_7' title="bbox 0 0 1404 4980">
    <p class='ocr_par' dir='ltr' id='par_1_7' title="bbox 0 0 1404 4980">
     <span class='ocr_line' id='line_1_33' title="bbox 0 0 1404 4980; baseline 0 0"><span class='ocrx_word' id='word_1_230' title='bbox 0 0 1404 4980; x_wconf 95' lang='lat' dir='ltr'> </span> 
     </span>
    </p>
   </div>
  </div>
 </body>
</html>
