2798 4980
594 433 814 497 „45-

170 563 173 568 ’
197 575 288 658 modi
304 573 456 639 consiliis
473 585 543 656 orta
559 594 629 638 esse
645 574 834 655 apparebat¹
852 584 883 637 et
900 577 1046 656 undique
1059 597 1206 642 occurre-

196 691 275 777 bant
303 700 368 753 tarn
393 693 545 772 pessimae
577 691 764 772 discipliuae
786 692 985 754 adversarii.
1020 693 1204 774 Hyperides

196 807 303 869 illatas
329 806 429 868 sociis
454 807 592 888 injurias
616 807 786 870 incusabat
810 807 1041 888 neglectasque
1061 813 1203 875 mitioris

197 922 328 1001 imperii
352 920 480 1003 leges²3
501 923 719 985 invehebatur
748 922 989 984 Demosthenes
1017 925 1053 985 in
1080 926 1202 988 malam

195 1037 322 1116 publici
335 1040 443 1101 aerarii
459 1039 776 1101 administrationem
790 1046 967 1119 turpesque
978 1042 1018 1100 ad
1029 1040 1202 1110 levandam
1220 1101 1222 1104 .

194 1153 340 1232 inopiam
373 1162 508 1216 tentatas
544 1155 640 1234 vias,
679 1154 910 1232 Hegesandros
937 1163 969 1215 et
998 1155 1201 1237 Hegesippos

195 1268 311 1331 eodem
345 1279 488 1349 tempore
518 1269 789 1347 Aristophontem
823 1269 1081 1349 oppugnabantl.
1102 1272 1203 1346 Quin

151 1465 162 1473 .-
193 1386 260 1446 imo
276 1385 342 1464 ipsi
358 1385 524 1464 quondam
538 1385 676 1447 oratoris
691 1384 789 1447 amici
811 1385 1005 1448 deficiebant
1024 1406 1030 1446 :
1050 1387 1202 1452 Eubulus

194 1495 457 1580 Probalinthius,
480 1481 548 1578 qui
561 1499 790 1578 Aristophonti
815 1500 981 1578 quondam
1001 1502 1202 1565 assentieba-

194 1612 278 1693 tur⁴,
289 1614 364 1694 'jam
375 1630 462 1675 anno
479 1610 544 1675 355
560 1609 650 1692 pacis
667 1632 741 1676 cum
753 1615 852 1676 sociis
868 1616 1078 1677 restituendae
1091 1626 1204 1680 auctor

193 1730 318 1810 fuerat3
336 1738 367 1791 et
386 1747 473 1791 nuno
489 1747 590 1791 novas
605 1730 797 1808 reipublicae
812 1731 964 1808 gerendas
976 1732 1121 1794 rationes
1134 1733 1201 1812 jac·

194 1846 304 1928 tando,
322 1845 436 1925 populi
450 1845 590 1923 gratiam
605 1847 780 1929 quaerebat,
800 1863 863 1925 qua
880 1847 1039 1911 subnixus
1054 1848 1096 1908 ad
1111 1866 1198 1909 sum·

195 1978 408 2024 mamrerum
422 1977 496 2022 mox
512 1961 582 2039 ipse
599 1962 795 2039 perveniret.
1160 1935 1162 1941 Ι

239 2075 416 2158 Eubulus⁵,
426 2096 501 2140 cunr
516 2079 662 2157 primunr
675 2077 884 2157 publicorum
895 2080 1103 2156 negotiorum
1111 2081 1200 2141 viam

195 2195 434 2276 ingrederetur,
460 2196 496 2255 in
515 2194 600 2256 hanc
622 2195 786 2274 praecipue
806 2196 982 2257 tractandae
1008 2195 1200 2275 reipublicae

193 2310 1201 2392 partemanimumcuramqueintenderat,quaeadpublicorum

192 2426 360 2488 redituum
374 2426 840 2505 administrationemspectat.
857 2426 1034 2488 Externam
1044 2425 1200 2507 gloriam,

193 2543 406 2622 quartamdiu
430 2543 658 2631 intumuerant
683 2543 917 2625 Athenienses,
944 2543 1037 2621 parvi
1062 2542 1199 2624 faciens,

194 2660 332 2721 amissos
350 2659 466 2741 socios,
484 2659 644 2720 amissum
658 2659 758 2721 maris
778 2659 1000 2739 principatum
1013 2677 1129 2738 parum
1146 2676 1200 2720 cu·

193 2775 301 2853 rabat3
319 2773 525 2852 longioribus
540 2774 639 2837 bellis
654 2774 839 2852 neglectam
853 2773 1101 2856 agriculturam,
1114 2792 1200 2837 corn-
1261 2811 1264 2818 -

195 2894 356 2955 mercium
369 2892 577 2972 impeditum,
596 2891 788 2953 imminutas
811 2891 934 2953 civium
953 2909 1043 2968 opes,
1060 2891 1198 2953 exhaus-

196 3015 266 3070 tum
300 3008 453 3069 aerarium
488 3007 629 3081 graviter
664 3006 871 3084 querebatur.
902 3006 1112 3083 Magnanima
1141 3006 1201 3071 illa

195 3122 334 3185 consilia
348 3122 593 3202 aspernabatur,
610 3140 682 3201 quae
698 3123 734 3183 in
748 3140 832 3184 nova
840 3121 988 3201 pericula
998 3138 1198 3202 magnasque

195 3239 376 3318 impensas,
395 3237 634 3317 rempublicam
668 3239 798 3300 trahere
836 3247 991 3317 possent,
1025 3245 1057 3299 et
1085 3255 1200 3316 pacem

196 3355 381 3437 otiumque,
416 3353 537 3433 quibus
567 3353 677 3415 iractae
703 3354 843 3416 civitatis
866 3356 952 3416 vires
977 3354 1201 3434 reficerentur,

235 3631 365 3691 1.tsocr.,
384 3629 494 3691 Syracu„
512 3629 555 3679 29.

235 3724 260 3771 2.
277 3717 364 3770 Schol.
380 3717 414 3770 ad
427 3716 522 3780 AEsch.‚
539 3718 557 3780 l,
576 3719 619 3769 ot.

234 3811 258 3858 3.
274 3805 370 3869 AEsch.,
392 3818 416 3856 c.
434 3805 575 3866 Timarete,
593 3806 635 3856 64.

233 3897 259 3948 l.
275 3893 392 3958 schefer,
409 3895 427 3957 l,
447 3896 506 3956 165,
525 3895 583 3945 166.
1137 3935 1139 3939 ,

231 3987 256 4035 5.
272 3981 309 4034 ct.
326 3981 441 4046 Curtius,
460 3982 529 4034 dist.
545 3995 668 4048 praeque,
688 3979 979 4044 lrt-l3t.-Schttter,
995 3982 1013 4044 t,
1033 3981 1156 4032 164-191.
1167 4005 1200 4015 -

195 4060 293 4125 dirurd,
309 4077 351 4128 op.
366 4062 454 4123 laud,
469 4064 530 4115 210.
