<?xml version="1.0" encoding="UTF-8"?>
<!DOCTYPE html PUBLIC "-//W3C//DTD XHTML 1.0 Transitional//EN"
    "http://www.w3.org/TR/xhtml1/DTD/xhtml1-transitional.dtd">
<html xmlns="http://www.w3.org/1999/xhtml" xml:lang="en" lang="en">
 <head>
  <title>
</title>
<meta http-equiv="Content-Type" content="text/html;charset=utf-8" />
  <meta name='ocr-system' content='tesseract 3.04.00' />
  <meta name='ocr-capabilities' content='ocr_page ocr_carea ocr_par ocr_line ocrx_word'/>
</head>
<body>
  <div class='ocr_page' id='page_1' title='image "./quotemporequame00diehgoog_0031.png"; bbox 0 0 2798 4980; ppageno 0'>
   <div class='ocr_carea' id='block_1_1' title="bbox 644 421 864 486">
    <p class='ocr_par' dir='ltr' id='par_1_1' title="bbox 644 421 864 486">
     <span class='ocr_line' id='line_1_1' title="bbox 644 421 864 486; baseline -0.005 -16"><span class='ocrx_word' id='word_1_1' title='bbox 644 421 864 486; x_wconf 71' lang='lat'>,22-</span> 
     </span>
    </p>
   </div>
   <div class='ocr_carea' id='block_1_2' title="bbox 247 557 1305 3658">
    <p class='ocr_par' dir='ltr' id='par_1_2' title="bbox 247 557 1263 2045">
     <span class='ocr_line' id='line_1_2' title="bbox 248 557 1252 648; baseline -0.001 -18"><span class='ocrx_word' id='word_1_2' title='bbox 248 557 503 630; x_wconf 85' lang='lat' dir='ltr'>Atheniensium</span> <span class='ocrx_word' id='word_1_3' title='bbox 529 565 724 648; x_wconf 82' lang='lat' dir='ltr'>respublica,</span> <span class='ocrx_word' id='word_1_4' title='bbox 746 565 799 626; x_wconf 86' lang='lat' dir='ltr'>vix</span> <span class='ocrx_word' id='word_1_5' title='bbox 815 564 1059 643; x_wconf 78' lang='lat' dir='ltr'>intelligeretur</span> <span class='ocrx_word' id='word_1_6' title='bbox 1078 566 1252 646; x_wconf 89' lang='lat' dir='ltr'>scriptoris</span> 
     </span>
     <span class='ocr_line' id='line_1_3' title="bbox 248 679 1259 761; baseline -0.002 -15"><span class='ocrx_word' id='word_1_7' title='bbox 248 683 353 746; x_wconf 86' lang='lat' dir='ltr'>nostri</span> <span class='ocrx_word' id='word_1_8' title='bbox 368 679 558 743; x_wconf 89' lang='lat' dir='ltr'>consilium.</span> <span class='ocrx_word' id='word_1_9' title='bbox 582 680 630 743; x_wconf 91' lang='lat' dir='ltr'>Ne</span> <span class='ocrx_word' id='word_1_10' title='bbox 649 680 737 744; x_wconf 88' lang='lat' dir='ltr'>dicat</span> <span class='ocrx_word' id='word_1_11' title='bbox 756 680 851 744; x_wconf 89' lang='lat' dir='ltr'>nobis</span> <span class='ocrx_word' id='word_1_12' title='bbox 874 680 1097 761; x_wconf 83' lang='lat' dir='ltr'>Holzapfelius</span> <span class='ocrx_word' id='word_1_13' title='bbox 1122 690 1155 744; x_wconf 91' lang='lat' dir='ltr'>et</span> <span class='ocrx_word' id='word_1_14' title='bbox 1169 699 1259 744; x_wconf 88' lang='lat' dir='ltr'>anuo</span> 
     </span>
     <span class='ocr_line' id='line_1_4' title="bbox 251 792 1258 878; baseline -0.002 -19"><span class='ocrx_word' id='word_1_15' title='bbox 251 792 396 872; x_wconf 76' lang='grc'><strong><em>3461345</em></strong></span> <span class='ocrx_word' id='word_1_16' title='bbox 419 813 518 875; x_wconf 85' lang='lat' dir='ltr'>prope</span> <span class='ocrx_word' id='word_1_17' title='bbox 541 794 734 857; x_wconf 83' lang='lat' dir='ltr'>exhaustum</span> <span class='ocrx_word' id='word_1_18' title='bbox 756 796 859 858; x_wconf 86' lang='lat' dir='ltr'>fuisse</span> <span class='ocrx_word' id='word_1_19' title='bbox 883 795 1054 876; x_wconf 88' lang='lat' dir='ltr'>publicum</span> <span class='ocrx_word' id='word_1_20' title='bbox 1070 795 1258 878; x_wconf 88' lang='lat' dir='ltr'>aerarium¹,</span> 
     </span>
     <span class='ocr_line' id='line_1_5' title="bbox 251 909 1258 993; baseline 0 -19"><span class='ocrx_word' id='word_1_21' title='bbox 251 931 315 974; x_wconf 91' lang='lat' dir='ltr'>neu</span> <span class='ocrx_word' id='word_1_22' title='bbox 332 913 489 974; x_wconf 86' lang='lat' dir='ltr'>festorum</span> <span class='ocrx_word' id='word_1_23' title='bbox 503 909 632 972; x_wconf 87' lang='lat' dir='ltr'>dierum</span> <span class='ocrx_word' id='word_1_24' title='bbox 647 919 933 975; x_wconf 80' lang='lat' dir='ltr'>commemoratam</span> <span class='ocrx_word' id='word_1_25' title='bbox 947 910 1129 993; x_wconf 82' lang='lat' dir='ltr'>pompam²,</span> <span class='ocrx_word' id='word_1_26' title='bbox 1147 929 1258 974; x_wconf 86' lang='lat' dir='ltr'>muro·</span> 
     </span>
     <span class='ocr_line' id='line_1_6' title="bbox 251 1025 1259 1105; baseline 0.002 -18"><span class='ocrx_word' id='word_1_27' title='bbox 251 1045 325 1088; x_wconf 92' lang='lat' dir='ltr'>rum</span> <span class='ocrx_word' id='word_1_28' title='bbox 348 1033 380 1088; x_wconf 91' lang='lat' dir='ltr'>et</span> <span class='ocrx_word' id='word_1_29' title='bbox 402 1025 570 1087; x_wconf 85' lang='lat' dir='ltr'>navalium</span> <span class='ocrx_word' id='word_1_30' title='bbox 594 1035 736 1088; x_wconf 91' lang='lat' dir='ltr'>notatam</span> <span class='ocrx_word' id='word_1_31' title='bbox 760 1025 1017 1105; x_wconf 71' lang='grc'>1555151151151118</span> <span class='ocrx_word' id='word_1_32' title='bbox 1043 1033 1117 1089; x_wconf 86' lang='lat' dir='ltr'>aute</span> <span class='ocrx_word' id='word_1_33' title='bbox 1133 1045 1259 1089; x_wconf 89' lang='lat' dir='ltr'>annum</span> 
     </span>
     <span class='ocr_line' id='line_1_7' title="bbox 251 1141 1260 1222; baseline 0.001 -17"><span class='ocrx_word' id='word_1_34' title='bbox 251 1141 316 1206; x_wconf 87' lang='grc'>346</span> <span class='ocrx_word' id='word_1_35' title='bbox 332 1142 480 1220; x_wconf 84' lang='lat' dir='ltr'>intelligi</span> <span class='ocrx_word' id='word_1_36' title='bbox 496 1159 561 1204; x_wconf 89' lang='lat' dir='ltr'>uon</span> <span class='ocrx_word' id='word_1_37' title='bbox 575 1160 670 1222; x_wconf 90' lang='lat' dir='ltr'>posse</span> <span class='ocrx_word' id='word_1_38' title='bbox 687 1143 872 1205; x_wconf 83' lang='lat' dir='ltr'>contendat.</span> <span class='ocrx_word' id='word_1_39' title='bbox 895 1143 967 1218; x_wconf 86' lang='lat' dir='ltr'>Quo</span> <span class='ocrx_word' id='word_1_40' title='bbox 987 1143 1085 1206; x_wconf 93' lang='lat' dir='ltr'>modo</span> <span class='ocrx_word' id='word_1_41' title='bbox 1107 1145 1260 1222; x_wconf 82' lang='lat' dir='ltr'>egregios</span> 
     </span>
     <span class='ocr_line' id='line_1_8' title="bbox 250 1257 1261 1340; baseline 0.003 -20"><span class='ocrx_word' id='word_1_42' title='bbox 250 1259 377 1322; x_wconf 85' lang='lat' dir='ltr'>fructus</span> <span class='ocrx_word' id='word_1_43' title='bbox 393 1277 410 1321; x_wconf 90' lang='lat' dir='ltr'>e</span> <span class='ocrx_word' id='word_1_44' title='bbox 425 1258 576 1321; x_wconf 85' lang='lat' dir='ltr'>consiliis</span> <span class='ocrx_word' id='word_1_45' title='bbox 595 1259 663 1319; x_wconf 87' lang='lat' dir='ltr'>suis</span> <span class='ocrx_word' id='word_1_46' title='bbox 677 1257 862 1338; x_wconf 87' lang='lat' dir='ltr'>respublica</span> <span class='ocrx_word' id='word_1_47' title='bbox 876 1260 1046 1339; x_wconf 87' lang='lat' dir='ltr'>percipere</span> <span class='ocrx_word' id='word_1_48' title='bbox 1058 1269 1180 1340; x_wconf 88' lang='lat' dir='ltr'>posset,</span> <span class='ocrx_word' id='word_1_49' title='bbox 1192 1278 1261 1323; x_wconf 90' lang='lat' dir='ltr'>non</span> 
     </span>
     <span class='ocr_line' id='line_1_9' title="bbox 251 1371 1260 1455; baseline 0.002 -19"><span class='ocrx_word' id='word_1_50' title='bbox 251 1391 315 1455; x_wconf 93' lang='lat' dir='ltr'>quo</span> <span class='ocrx_word' id='word_1_51' title='bbox 346 1382 491 1453; x_wconf 90' lang='lat' dir='ltr'>tempore</span> <span class='ocrx_word' id='word_1_52' title='bbox 515 1380 641 1435; x_wconf 89' lang='lat' dir='ltr'>certum</span> <span class='ocrx_word' id='word_1_53' title='bbox 669 1371 886 1435; x_wconf 88' lang='lat' dir='ltr'>consiliorum</span> <span class='ocrx_word' id='word_1_54' title='bbox 911 1374 1063 1436; x_wconf 87' lang='lat' dir='ltr'>effectum</span> <span class='ocrx_word' id='word_1_55' title='bbox 1089 1376 1260 1438; x_wconf 80' lang='lat' dir='ltr'>inveniret</span> 
     </span>
     <span class='ocr_line' id='line_1_10' title="bbox 248 1487 1263 1576; baseline 0.001 -23"><span class='ocrx_word' id='word_1_56' title='bbox 248 1492 393 1571; x_wconf 64' lang='lat' dir='ltr'>&#39;scriptor</span> <span class='ocrx_word' id='word_1_57' title='bbox 415 1499 522 1552; x_wconf 90' lang='lat' dir='ltr'>noster</span> <span class='ocrx_word' id='word_1_58' title='bbox 545 1490 691 1552; x_wconf 90' lang='lat' dir='ltr'>indicare</span> <span class='ocrx_word' id='word_1_59' title='bbox 714 1488 863 1552; x_wconf 79' lang='lat' dir='ltr'>voluit⁴z</span> <span class='ocrx_word' id='word_1_60' title='bbox 891 1508 967 1552; x_wconf 91' lang='lat' dir='ltr'>cum</span> <span class='ocrx_word' id='word_1_61' title='bbox 987 1508 1074 1553; x_wconf 88' lang='lat' dir='ltr'>anno</span> <span class='ocrx_word' id='word_1_62' title='bbox 1111 1487 1263 1576; x_wconf 74' lang='grc'><strong><em>3551354</em></strong></span> 
     </span>
     <span class='ocr_line' id='line_1_11' title="bbox 253 1604 1261 1689; baseline 0.002 -21"><span class='ocrx_word' id='word_1_63' title='bbox 253 1615 373 1669; x_wconf 84' lang='grc'><strong><em>55115111</em></strong></span> <span class='ocrx_word' id='word_1_64' title='bbox 387 1607 493 1668; x_wconf 77' lang='lat' dir='ltr'>aerarii</span> <span class='ocrx_word' id='word_1_65' title='bbox 519 1614 696 1683; x_wconf 82' lang='lat' dir='ltr'>egestatem</span> <span class='ocrx_word' id='word_1_66' title='bbox 718 1604 1001 1689; x_wconf 87' lang='lat' dir='ltr'>animadverteret,</span> <span class='ocrx_word' id='word_1_67' title='bbox 1029 1607 1179 1669; x_wconf 89' lang='lat' dir='ltr'>melioris</span> <span class='ocrx_word' id='word_1_68' title='bbox 1196 1614 1261 1670; x_wconf 91' lang='lat' dir='ltr'>sta·</span> 
     </span>
     <span class='ocr_line' id='line_1_12' title="bbox 254 1720 1263 1812; baseline 0.002 -28"><span class='ocrx_word' id='word_1_69' title='bbox 254 1733 304 1785; x_wconf 91' lang='lat' dir='ltr'>tus</span> <span class='ocrx_word' id='word_1_70' title='bbox 320 1724 390 1784; x_wconf 92' lang='lat' dir='ltr'>vias</span> <span class='ocrx_word' id='word_1_71' title='bbox 414 1721 540 1785; x_wconf 87' lang='lat' dir='ltr'>civibus</span> <span class='ocrx_word' id='word_1_72' title='bbox 554 1720 687 1812; x_wconf 78' lang='lat' dir='ltr'>¹aperire</span> <span class='ocrx_word' id='word_1_73' title='bbox 709 1721 838 1782; x_wconf 90' lang='lat' dir='ltr'>voluit:</span> <span class='ocrx_word' id='word_1_74' title='bbox 865 1730 897 1784; x_wconf 89' lang='lat' dir='ltr'>at</span> <span class='ocrx_word' id='word_1_75' title='bbox 918 1723 1108 1802; x_wconf 85' lang='lat' dir='ltr'>magnificas</span> <span class='ocrx_word' id='word_1_76' title='bbox 1129 1723 1263 1802; x_wconf 90' lang='lat' dir='ltr'>pollici-</span> 
     </span>
     <span class='ocr_line' id='line_1_13' title="bbox 247 1837 1260 1922; baseline 0 -19"><span class='ocrx_word' id='word_1_77' title='bbox 247 1841 392 1903; x_wconf 87' lang='lat' dir='ltr'>tationes</span> <span class='ocrx_word' id='word_1_78' title='bbox 408 1837 757 1917; x_wconf 81' lang='lat' dir='ltr'>splendidissimaeque</span> <span class='ocrx_word' id='word_1_79' title='bbox 774 1855 846 1917; x_wconf 89' lang='lat' dir='ltr'>spes</span> <span class='ocrx_word' id='word_1_80' title='bbox 863 1838 1057 1901; x_wconf 79' lang='lat' dir='ltr'>infuturum</span> <span class='ocrx_word' id='word_1_81' title='bbox 1073 1841 1260 1922; x_wconf 89' lang='lat' dir='ltr'>proposuit,</span> 
     </span>
     <span class='ocr_line' id='line_1_14' title="bbox 253 1940 996 2045; baseline -0.004 -27"><span class='ocrx_word' id='word_1_82' title='bbox 253 1975 320 2045; x_wconf 78' lang='lat' dir='ltr'>non</span> <span class='ocrx_word' id='word_1_83' title='bbox 334 1963 497 2018; x_wconf 88' lang='lat' dir='ltr'>certorum</span> <span class='ocrx_word' id='word_1_84' title='bbox 512 1940 672 2016; x_wconf 85' lang='lat' dir='ltr'>factorum</span> <span class='ocrx_word' id='word_1_85' title='bbox 688 1953 888 2015; x_wconf 89' lang='lat' dir='ltr'>mentionem</span> <span class='ocrx_word' id='word_1_86' title='bbox 906 1953 996 2016; x_wconf 87' lang='lat' dir='ltr'>fecit.</span> 
     </span>
    </p>

    <p class='ocr_par' dir='ltr' id='par_1_3' title="bbox 261 2068 1305 3658">
     <span class='ocr_line' id='line_1_15' title="bbox 306 2068 1261 2155; baseline -0.003 -21"><span class='ocrx_word' id='word_1_87' title='bbox 306 2071 355 2134; x_wconf 90' lang='lat' dir='ltr'>Ne</span> <span class='ocrx_word' id='word_1_88' title='bbox 396 2070 514 2133; x_wconf 86' lang='lat' dir='ltr'>talibus</span> <span class='ocrx_word' id='word_1_89' title='bbox 550 2069 689 2147; x_wconf 84' lang='lat' dir='ltr'>argutiis</span> <span class='ocrx_word' id='word_1_90' title='bbox 727 2068 860 2148; x_wconf 82' lang='lat' dir='ltr'>longius</span> <span class='ocrx_word' id='word_1_91' title='bbox 897 2071 1130 2153; x_wconf 89' lang='lat' dir='ltr'>immoremur,</span> <span class='ocrx_word' id='word_1_92' title='bbox 1170 2071 1261 2155; x_wconf 92' lang='lat' dir='ltr'>quis,</span> 
     </span>
     <span class='ocr_line' id='line_1_16' title="bbox 261 2186 1270 2270; baseline -0.005 -18"><span class='ocrx_word' id='word_1_93' title='bbox 261 2207 385 2270; x_wconf 83' lang='lat' dir='ltr'>quaeso,</span> <span class='ocrx_word' id='word_1_94' title='bbox 410 2205 496 2249; x_wconf 86' lang='lat' dir='ltr'>sanae</span> <span class='ocrx_word' id='word_1_95' title='bbox 521 2186 655 2266; x_wconf 89' lang='lat' dir='ltr'>quidem</span> <span class='ocrx_word' id='word_1_96' title='bbox 679 2187 809 2268; x_wconf 91' lang='lat' dir='ltr'>mentis,</span> <span class='ocrx_word' id='word_1_97' title='bbox 837 2187 865 2248; x_wconf 92' lang='lat' dir='ltr'>si</span> <span class='ocrx_word' id='word_1_98' title='bbox 891 2187 1019 2264; x_wconf 82' lang='lat' dir='ltr'>integro</span> <span class='ocrx_word' id='word_1_99' title='bbox 1048 2186 1158 2247; x_wconf 90' lang='lat' dir='ltr'>animo</span> <span class='ocrx_word' id='word_1_100' title='bbox 1183 2186 1270 2249; x_wconf 93' lang='lat' dir='ltr'>duos</span> 
     </span>
     <span class='ocr_line' id='line_1_17' title="bbox 262 2301 1272 2383; baseline -0.004 -16"><span class='ocrx_word' id='word_1_101' title='bbox 262 2305 351 2369; x_wconf 90' lang='lat' dir='ltr'>locos</span> <span class='ocrx_word' id='word_1_102' title='bbox 374 2305 454 2366; x_wconf 88' lang='lat' dir='ltr'>istos</span> <span class='ocrx_word' id='word_1_103' title='bbox 481 2302 579 2383; x_wconf 81' lang='lat' dir='ltr'>legat,</span> <span class='ocrx_word' id='word_1_104' title='bbox 611 2301 691 2364; x_wconf 89' lang='lat' dir='ltr'>duas</span> <span class='ocrx_word' id='word_1_105' title='bbox 718 2320 814 2381; x_wconf 86' lang='lat' dir='ltr'>paces</span> <span class='ocrx_word' id='word_1_106' title='bbox 838 2302 874 2363; x_wconf 91' lang='lat' dir='ltr'>in</span> <span class='ocrx_word' id='word_1_107' title='bbox 899 2302 970 2364; x_wconf 92' lang='lat' dir='ltr'>illis</span> <span class='ocrx_word' id='word_1_108' title='bbox 1000 2310 1272 2365; x_wconf 87' lang='lat' dir='ltr'>commemoratas</span> 
     </span>
     <span class='ocr_line' id='line_1_18' title="bbox 262 2414 1273 2511; baseline -0.004 -28"><span class='ocrx_word' id='word_1_109' title='bbox 262 2415 454 2483; x_wconf 80' lang='lat' dir='ltr'>existimet?</span> <span class='ocrx_word' id='word_1_110' title='bbox 483 2418 577 2500; x_wconf 84' lang='lat' dir='ltr'>Quis,</span> <span class='ocrx_word' id='word_1_111' title='bbox 607 2425 781 2498; x_wconf 87' lang='lat' dir='ltr'>postquam</span> <span class='ocrx_word' id='word_1_112' title='bbox 802 2416 861 2499; x_wconf 91' lang='lat' dir='ltr'>lV,</span> <span class='ocrx_word' id='word_1_113' title='bbox 890 2414 935 2479; x_wconf 78' lang='lat'>40</span> <span class='ocrx_word' id='word_1_114' title='bbox 965 2415 1108 2496; x_wconf 88' lang='lat' dir='ltr'>amplius</span> <span class='ocrx_word' id='word_1_115' title='bbox 1136 2425 1273 2511; x_wconf 82' lang='lat' dir='ltr'>propter</span> 
     </span>
     <span class='ocr_line' id='line_1_19' title="bbox 261 2516 1273 2615; baseline -0.003 -17"><span class='ocrx_word' id='word_1_116' title='bbox 261 2553 372 2615; x_wconf 88' lang='lat' dir='ltr'>pacem</span> <span class='ocrx_word' id='word_1_117' title='bbox 400 2534 556 2614; x_wconf 86' lang='lat' dir='ltr'>pacisque</span> <span class='ocrx_word' id='word_1_118' title='bbox 590 2533 715 2594; x_wconf 87' lang='lat' dir='ltr'>fructus</span> <span class='ocrx_word' id='word_1_119' title='bbox 747 2532 923 2609; x_wconf 83' lang='lat' dir='ltr'>vectigalia</span> <span class='ocrx_word' id='word_1_120' title='bbox 957 2532 1092 2593; x_wconf 86' lang='lat' dir='ltr'>reddere</span> <span class='ocrx_word' id='word_1_121' title='bbox 1128 2516 1273 2611; x_wconf 85' lang='lat' dir='ltr'>scriptor</span> 
     </span>
     <span class='ocr_line' id='line_1_20' title="bbox 263 2644 1272 2731; baseline -0.001 -18"><span class='ocrx_word' id='word_1_122' title='bbox 263 2651 392 2731; x_wconf 84' lang='lat' dir='ltr'>dixerit,</span> <span class='ocrx_word' id='word_1_123' title='bbox 423 2666 499 2711; x_wconf 91' lang='lat' dir='ltr'>cum</span> <span class='ocrx_word' id='word_1_124' title='bbox 520 2647 619 2726; x_wconf 91' lang='lat' dir='ltr'>paulo</span> <span class='ocrx_word' id='word_1_125' title='bbox 643 2648 731 2708; x_wconf 82' lang='lat' dir='ltr'>inira</span> <span class='ocrx_word' id='word_1_126' title='bbox 757 2646 799 2728; x_wconf 92' lang='lat' dir='ltr'>V,</span> <span class='ocrx_word' id='word_1_127' title='bbox 827 2644 868 2708; x_wconf 82' lang='lat'>12</span> <span class='ocrx_word' id='word_1_128' title='bbox 896 2647 1044 2709; x_wconf 88' lang='lat' dir='ltr'>eamdem</span> <span class='ocrx_word' id='word_1_129' title='bbox 1069 2648 1272 2712; x_wconf 89' lang='lat' dir='ltr'>sententiam</span> 
     </span>
     <span class='ocr_line' id='line_1_21' title="bbox 262 2745 1305 2846; baseline 0 -19"><span class='ocrx_word' id='word_1_130' title='bbox 262 2767 382 2827; x_wconf 89' lang='lat' dir='ltr'>iisdem</span> <span class='ocrx_word' id='word_1_131' title='bbox 397 2782 497 2846; x_wconf 90' lang='lat' dir='ltr'>prope</span> <span class='ocrx_word' id='word_1_132' title='bbox 511 2763 620 2825; x_wconf 87' lang='lat' dir='ltr'>verbis</span> <span class='ocrx_word' id='word_1_133' title='bbox 636 2780 821 2842; x_wconf 87' lang='lat' dir='ltr'>expressam</span> <span class='ocrx_word' id='word_1_134' title='bbox 841 2763 1001 2845; x_wconf 91' lang='lat' dir='ltr'>inveniat,</span> <span class='ocrx_word' id='word_1_135' title='bbox 1024 2762 1080 2824; x_wconf 93' lang='lat' dir='ltr'>hic</span> <span class='ocrx_word' id='word_1_136' title='bbox 1095 2762 1136 2824; x_wconf 92' lang='lat' dir='ltr'>ad</span> <span class='ocrx_word' id='word_1_137' title='bbox 1152 2763 1275 2828; x_wconf 77' lang='lat' dir='ltr'>Philo.</span> <span class='ocrx_word' id='word_1_138' title='bbox 1303 2745 1305 2749; x_wconf 29' lang='lat'>⁸</span> 
     </span>
     <span class='ocr_line' id='line_1_22' title="bbox 263 2877 1272 2963; baseline -0.001 -19"><span class='ocrx_word' id='word_1_139' title='bbox 263 2889 405 2945; x_wconf 89' lang='lat' dir='ltr'>crateam</span> <span class='ocrx_word' id='word_1_140' title='bbox 428 2888 552 2963; x_wconf 79' lang='lat' dir='ltr'>pacem,</span> <span class='ocrx_word' id='word_1_141' title='bbox 578 2879 651 2941; x_wconf 90' lang='lat' dir='ltr'>illic</span> <span class='ocrx_word' id='word_1_142' title='bbox 675 2879 715 2940; x_wconf 90' lang='lat' dir='ltr'>ad</span> <span class='ocrx_word' id='word_1_143' title='bbox 736 2878 855 2942; x_wconf 88' lang='lat' dir='ltr'>sociale</span> <span class='ocrx_word' id='word_1_144' title='bbox 871 2877 998 2942; x_wconf 87' lang='lat' dir='ltr'>bellum</span> <span class='ocrx_word' id='word_1_145' title='bbox 1012 2880 1154 2942; x_wconf 88' lang='lat' dir='ltr'>auctoris</span> <span class='ocrx_word' id='word_1_146' title='bbox 1168 2879 1272 2943; x_wconf 85' lang='lat' dir='ltr'>verba</span> 
     </span>
     <span class='ocr_line' id='line_1_23' title="bbox 263 2992 1269 3080; baseline -0.002 -20"><span class='ocrx_word' id='word_1_147' title='bbox 263 2999 436 3062; x_wconf 86' lang='lat' dir='ltr'>referenda</span> <span class='ocrx_word' id='word_1_148' title='bbox 459 2992 615 3059; x_wconf 81' lang='lat' dir='ltr'>censeat?</span> <span class='ocrx_word' id='word_1_149' title='bbox 642 2996 724 3070; x_wconf 80' lang='lat' dir='ltr'>Quis</span> <span class='ocrx_word' id='word_1_150' title='bbox 748 3014 824 3058; x_wconf 93' lang='lat' dir='ltr'>cum</span> <span class='ocrx_word' id='word_1_151' title='bbox 850 2995 909 3078; x_wconf 90' lang='lat' dir='ltr'>IV,</span> <span class='ocrx_word' id='word_1_152' title='bbox 934 2994 978 3058; x_wconf 89' lang='lat'>40</span> <span class='ocrx_word' id='word_1_153' title='bbox 1002 2996 1144 3058; x_wconf 91' lang='lat' dir='ltr'>recentis</span> <span class='ocrx_word' id='word_1_154' title='bbox 1168 2995 1269 3080; x_wconf 89' lang='lat' dir='ltr'>helli,</span> 
     </span>
     <span class='ocr_line' id='line_1_24' title="bbox 264 3111 1270 3202; baseline -0.007 -19"><span class='ocrx_word' id='word_1_155' title='bbox 264 3115 294 3184; x_wconf 81' lang='grc' dir='ltr'>ἐν</span> <span class='ocrx_word' id='word_1_156' title='bbox 308 3118 352 3202; x_wconf 84' lang='grc' dir='ltr'>τῷ</span> <span class='ocrx_word' id='word_1_157' title='bbox 364 3117 415 3180; x_wconf 78' lang='grc' dir='ltr'>νῦν</span> <span class='ocrx_word' id='word_1_158' title='bbox 430 3113 567 3202; x_wconf 72' lang='grc' dir='ltr'><strong>πολέμῳ,</strong></span> <span class='ocrx_word' id='word_1_159' title='bbox 581 3112 787 3197; x_wconf 89' lang='lat' dir='ltr'>memoriam,</span> <span class='ocrx_word' id='word_1_160' title='bbox 805 3112 861 3174; x_wconf 87' lang='lat' dir='ltr'>hic</span> <span class='ocrx_word' id='word_1_161' title='bbox 875 3112 960 3174; x_wconf 87' lang='lat' dir='ltr'>alius</span> <span class='ocrx_word' id='word_1_162' title='bbox 970 3111 1052 3174; x_wconf 86' lang='lat' dir='ltr'>belli</span> <span class='ocrx_word' id='word_1_163' title='bbox 1063 3112 1182 3173; x_wconf 89' lang='lat' dir='ltr'>iisdem</span> <span class='ocrx_word' id='word_1_164' title='bbox 1197 3113 1270 3177; x_wconf 87' lang='lat' dir='ltr'>fere</span> 
     </span>
     <span class='ocr_line' id='line_1_25' title="bbox 265 3224 1268 3318; baseline 0 -24"><span class='ocrx_word' id='word_1_165' title='bbox 265 3232 372 3294; x_wconf 84' lang='lat' dir='ltr'>verbis</span> <span class='ocrx_word' id='word_1_166' title='bbox 397 3229 650 3311; x_wconf 88' lang='lat' dir='ltr'>commemorati,</span> <span class='ocrx_word' id='word_1_167' title='bbox 677 3227 770 3318; x_wconf 81' lang='grc' dir='ltr'>ἐντῷ</span> <span class='ocrx_word' id='word_1_168' title='bbox 792 3234 844 3294; x_wconf 79' lang='grc' dir='ltr'>νῦν</span> <span class='ocrx_word' id='word_1_169' title='bbox 866 3227 961 3318; x_wconf 75' lang='grc' dir='ltr'>χρόνῳ</span> <span class='ocrx_word' id='word_1_170' title='bbox 977 3224 1030 3294; x_wconf 81' lang='grc' dir='ltr'>διὰ</span> <span class='ocrx_word' id='word_1_171' title='bbox 1051 3224 1104 3294; x_wconf 80' lang='grc' dir='ltr'>τὸν</span> <span class='ocrx_word' id='word_1_172' title='bbox 1122 3229 1268 3315; x_wconf 81' lang='grc' dir='ltr'>πολέμον,</span> 
     </span>
     <span class='ocr_line' id='line_1_26' title="bbox 265 3334 1272 3425; baseline -0.001 -16"><span class='ocrx_word' id='word_1_173' title='bbox 265 3348 466 3409; x_wconf 89' lang='lat' dir='ltr'>mentionem</span> <span class='ocrx_word' id='word_1_174' title='bbox 497 3345 673 3425; x_wconf 88' lang='lat' dir='ltr'>inveniret,</span> <span class='ocrx_word' id='word_1_175' title='bbox 701 3361 789 3406; x_wconf 91' lang='lat' dir='ltr'>nunc</span> <span class='ocrx_word' id='word_1_176' title='bbox 812 3345 854 3406; x_wconf 89' lang='lat' dir='ltr'>ad</span> <span class='ocrx_word' id='word_1_177' title='bbox 881 3343 1084 3424; x_wconf 91' lang='lat' dir='ltr'>Philippum,</span> <span class='ocrx_word' id='word_1_178' title='bbox 1112 3334 1201 3406; x_wconf 85' lang='lat' dir='ltr'>nunc</span> <span class='ocrx_word' id='word_1_179' title='bbox 1226 3348 1272 3409; x_wconf 89' lang='lat' dir='ltr'>ad</span> 
     </span>
     <span class='ocr_line' id='line_1_27' title="bbox 265 3456 1272 3540; baseline -0.001 -14"><span class='ocrx_word' id='word_1_180' title='bbox 265 3465 371 3526; x_wconf 92' lang='lat' dir='ltr'>socios</span> <span class='ocrx_word' id='word_1_181' title='bbox 385 3468 530 3523; x_wconf 88' lang='lat' dir='ltr'>mentem</span> <span class='ocrx_word' id='word_1_182' title='bbox 557 3456 762 3521; x_wconf 80' lang='lat' dir='ltr'>adverteret?</span> <span class='ocrx_word' id='word_1_183' title='bbox 787 3458 824 3520; x_wconf 86' lang='lat' dir='ltr'>Si</span> <span class='ocrx_word' id='word_1_184' title='bbox 844 3459 904 3540; x_wconf 93' lang='lat' dir='ltr'>IV,</span> <span class='ocrx_word' id='word_1_185' title='bbox 919 3457 964 3520; x_wconf 86' lang='grc'>40</span> <span class='ocrx_word' id='word_1_186' title='bbox 977 3477 1053 3520; x_wconf 89' lang='lat' dir='ltr'>vere</span> <span class='ocrx_word' id='word_1_187' title='bbox 1069 3477 1272 3525; x_wconf 86' lang='lat' dir='ltr'>commemo-</span> 
     </span>
     <span class='ocr_line' id='line_1_28' title="bbox 263 3571 1268 3658; baseline 0.001 -20"><span class='ocrx_word' id='word_1_188' title='bbox 263 3586 353 3640; x_wconf 91' lang='lat' dir='ltr'>ratur</span> <span class='ocrx_word' id='word_1_189' title='bbox 370 3575 616 3638; x_wconf 89' lang='lat' dir='ltr'>Philocrateum</span> <span class='ocrx_word' id='word_1_190' title='bbox 628 3574 748 3656; x_wconf 83' lang='lat' dir='ltr'>loedus,</span> <span class='ocrx_word' id='word_1_191' title='bbox 764 3575 851 3658; x_wconf 88' lang='lat' dir='ltr'>quis,</span> <span class='ocrx_word' id='word_1_192' title='bbox 877 3591 963 3636; x_wconf 89' lang='lat' dir='ltr'>anno</span> <span class='ocrx_word' id='word_1_193' title='bbox 990 3571 1067 3656; x_wconf 79' lang='lat'>346,</span> <span class='ocrx_word' id='word_1_194' title='bbox 1089 3582 1125 3637; x_wconf 88' lang='lat' dir='ltr'>ut</span> <span class='ocrx_word' id='word_1_195' title='bbox 1141 3576 1268 3654; x_wconf 91' lang='lat' dir='ltr'>optime</span> 
     </span>
    </p>
   </div>
   <div class='ocr_carea' id='block_1_3' title="bbox 263 3713 473 3726">
    <p class='ocr_par' dir='ltr' id='par_1_4' title="bbox 263 3713 473 3726">
     <span class='ocr_line' id='line_1_29' title="bbox 263 3713 473 3726; baseline -0.024 0"><span class='ocrx_word' id='word_1_196' title='bbox 263 3713 473 3726; x_wconf 82' lang='lat'>..——-—-</span> 
     </span>
    </p>
   </div>
   <div class='ocr_carea' id='block_1_4' title="bbox 299 3790 628 4118">
    <p class='ocr_par' dir='ltr' id='par_1_5' title="bbox 299 3790 628 3941">
     <span class='ocr_line' id='line_1_30' title="bbox 302 3790 628 3854; baseline -0.015 -10"><span class='ocrx_word' id='word_1_197' title='bbox 302 3795 324 3846; x_wconf 90' lang='grc'>1.</span> <span class='ocrx_word' id='word_1_198' title='bbox 340 3790 445 3853; x_wconf 69' lang='lat' dir='ltr'>anatot,</span> <span class='ocrx_word' id='word_1_199' title='bbox 460 3803 485 3854; x_wconf 89' lang='lat' dir='ltr'>p.</span> <span class='ocrx_word' id='word_1_200' title='bbox 502 3790 628 3842; x_wconf 76' lang='grc'><strong><em>161-165.</em></strong></span> 
     </span>
     <span class='ocr_line' id='line_1_31' title="bbox 299 3878 555 3941; baseline -0.02 -8"><span class='ocrx_word' id='word_1_201' title='bbox 299 3885 324 3933; x_wconf 77' lang='grc'>1.</span> <span class='ocrx_word' id='word_1_202' title='bbox 338 3878 413 3941; x_wconf 77' lang='lat' dir='ltr'>loia,</span> <span class='ocrx_word' id='word_1_203' title='bbox 431 3879 555 3930; x_wconf 80' lang='lat'><strong>260·261.</strong></span> 
     </span>
    </p>

    <p class='ocr_par' dir='ltr' id='par_1_6' title="bbox 301 3964 493 4029">
     <span class='ocr_line' id='line_1_32' title="bbox 301 3964 493 4029; baseline -0.026 -9"><span class='ocrx_word' id='word_1_204' title='bbox 301 3971 326 4020; x_wconf 84' lang='grc'>3.</span> <span class='ocrx_word' id='word_1_205' title='bbox 342 3964 417 4029; x_wconf 78' lang='lat' dir='ltr'>ibid,</span> <span class='ocrx_word' id='word_1_206' title='bbox 434 3967 493 4017; x_wconf 74' lang='grc'><strong><em>163.</em></strong></span> 
     </span>
    </p>

    <p class='ocr_par' dir='ltr' id='par_1_7' title="bbox 299 4055 515 4118">
     <span class='ocr_line' id='line_1_33' title="bbox 299 4055 515 4118; baseline -0.023 -8"><span class='ocrx_word' id='word_1_207' title='bbox 299 4060 323 4110; x_wconf 83' lang='grc'>1.</span> <span class='ocrx_word' id='word_1_208' title='bbox 341 4058 418 4117; x_wconf 66' lang='lat' dir='ltr'>Vect„</span> <span class='ocrx_word' id='word_1_209' title='bbox 436 4055 472 4118; x_wconf 85' lang='lat' dir='ltr'>Vl,</span> <span class='ocrx_word' id='word_1_210' title='bbox 494 4057 515 4107; x_wconf 93' lang='grc'>1.</span> 
     </span>
    </p>
   </div>
   <div class='ocr_carea' id='block_1_5' title="bbox 0 0 1417 4980">
    <p class='ocr_par' dir='ltr' id='par_1_8' title="bbox 0 0 1417 4980">
     <span class='ocr_line' id='line_1_34' title="bbox 0 0 1417 4980; baseline 0 0"><span class='ocrx_word' id='word_1_211' title='bbox 0 0 1417 4980; x_wconf 95' lang='lat' dir='ltr'> </span> 
     </span>
    </p>
   </div>
  </div>
 </body>
</html>
