2798 4980
624 440 667 480 ε-
713 402 755 467 25
801 441 844 453 -

231 549 400 612 blanditiis
414 547 510 608 multi
533 555 675 610 oratores
691 556 722 608 et
743 547 903 626 populum
927 558 960 611 et
982 553 1177 632 semetipsos
1195 573 1233 619 eo

232 673 374 744 tompore
394 661 619 741 delectabant3
643 662 785 742 perditas
807 662 969 744 civitates,
992 665 1151 728 amissum
1166 687 1234 732 ma·

231 781 277 843 ris
286 781 518 860 principatum,
539 786 649 841 auctas
669 777 820 857 Philippi
843 795 921 859 opes
940 796 1056 859 parum
1072 783 1235 847 faciebant

230 895 378 958 Eubulus
405 894 540 974 ejusque
566 901 761 958 sectatores:
786 894 866 973 quid
891 891 1006 956 enim?
1032 905 1066 958 ut
1096 876 1233 960 Demos·

231 1010 340 1074 thenis
354 1009 453 1072 verba
470 1027 677 1090 usurpemus,
699 1033 712 1062 κ
737 1010 766 1070 si
786 1009 856 1071 haee
880 1010 997 1072 vitiosa
1018 1021 1120 1094 erant,
1139 1014 1234 1076 urba-

232 1144 347 1189 narum
366 1132 451 1187 certe
467 1143 577 1186 rerum
592 1132 693 1186 status
707 1143 794 1186 nunc
812 1124 932 1188 melior
949 1132 1016 1188 erat
1036 1153 1050 1182 ι
1065 1127 1093 1189 1:
1112 1136 1144 1191 et
1167 1148 1234 1192 res·

233 1241 326 1304 tituta
346 1239 598 1321 propugnacula,
615 1240 752 1302 refectas
765 1241 847 1320 viae,
879 1249 1059 1304 exstructos
1080 1243 1188 1307 tontes
1204 1254 1236 1308 et

232 1356 422 1436 splendidas
439 1357 525 1418 aedes
549 1355 767 1431 ostentabant,
783 1356 978 1436 reipublicae
1000 1359 1235 1424 detrimentum

233 1495 291 1554 pro
325 1473 433 1534 nihilo
467 1472 624 1535 ducentes
654 1489 715 1535 nec
745 1474 931 1553 proximum
956 1474 1083 1537 bellum
1111 1478 1235 1557 prospi-

234 1591 377 1653 cientes:
396 1588 483 1669 quod
500 1589 588 1651 enim
604 1589 746 1667 quisque
768 1587 849 1670 vult,
867 1589 901 1650 id
922 1590 1018 1653 facile
1045 1592 1105 1653 sibi
1121 1593 1236 1674 fingit,

234 1715 266 1768 et
283 1705 376 1768 inani
390 1713 556 1784 perpetuae
572 1704 660 1784 pacis
677 1722 733 1782 spe
749 1705 942 1784 semetipsos
962 1717 993 1768 et
1008 1708 1165 1788 populum
1183 1709 1237 1771 de·

234 1821 410 1902 cipiebaut.
428 1820 516 1894 Quid
532 1820 657 1881 mirum
671 1819 773 1898 igitur
784 1823 811 1880 si
823 1819 984 1884 Isocrates
999 1831 1029 1884 et
1039 1819 1151 1884 libelli
1164 1842 1238 1886 nos·

235 1940 276 2002 tri
291 1946 411 2018 auctor,
430 1935 631 2017 fidelissimi,
650 1944 686 1998 ut
701 1936 787 1998 intra
807 1937 1001 2018 videbimur,
1019 1938 1118 2019 hujus
1135 1941 1237 2020 partis

235 2055 330 2117 ambo
355 2059 542 2132 sectatores,
574 2069 653 2130 pace
683 2051 816 2132 otioque
839 2051 927 2114 nihil
956 2053 1134 2130 optabilius
1165 2051 1236 2117 esse

235 2170 443 2249 contendant,
460 2167 666 2246 libenterque
684 2165 835 2247 Philippi
855 2170 952 2229 istius
968 2168 1127 2231 Thracica
1143 2178 1237 2233 nocte
1259 2177 1261 2181 ’

153 2355 156 2358 ,
191 2297 203 2319 ’
235 2285 377 2348 demersi
399 2284 595 2371 memoriam
618 2281 817 2345 amiserint?
839 2280 928 2356 Quid
947 2279 1062 2344 enim?
1083 2301 1160 2345 oum
1178 2283 1238 2346 ali-

234 2411 353 2479 quanto
373 2406 447 2478 post
471 2398 646 2476 Philippus
668 2398 842 2459 manifeste
873 2397 1002 2460 bellum
1026 2407 1165 2478 gereret,
1189 2398 1240 2460 iu-

231 2517 319 2596 Juste
343 2522 468 2594 ageret,
498 2514 597 2576 urbes
626 2522 809 2594 occuparet,
841 2514 989 2576 Eubulus
1017 2500 1238 2594 factionisque

235 2631 306 2710 ejus
326 2639 468 2693 oratores
492 2647 567 2691 eum
600 2627 727 2690 bellum
753 2629 858 2690 lacere
881 2627 1084 2704 negotiand:
1112 2647 1154 2691 ne
1177 2629 1239 2691 mi·

233 2766 344 2809 remur
362 2747 479 2826 -igitur
503 2748 532 2809 si
563 2746 783 2824 longinquum
808 2746 1005 2828 periculum,
1037 2747 1098 2808 etsi
1125 2748 1239 2827 patria

233 2864 496 2945 amantissimus,
525 2863 666 2942 scriptor
688 2870 799 2924 noster
825 2881 941 2942 parum
967 2863 1147 2925 curaverit:
1173 2881 1238 2943 quo

235 2995 345 3041 errore
370 2977 603 3058 delectabatur,
621 2985 686 3039 tota
699 2977 814 3039 civitas
829 2976 1001 3054 gaudebat.
1019 2977 1083 3038 Vix
1100 2976 1238 3039 Thessa-

234 3094 279 3156 lia
293 3103 386 3173 capta
402 3090 496 3177 (352)
510 3094 732 3155 Athenienses
750 3093 986 3172 expergefaciat
996 3091 1018 3158 ⁸.

156 3190 158 3194 ¹
277 3210 483 3290 Holzapfelio
499 3211 716 3273 concedamus
739 3217 848 3271 tamen
871 3210 954 3271 mira
974 3208 1115 3288 quadam
1132 3210 1238 3287 negli-

235 3328 346 3405 gentia
371 3312 517 3405 Philippi
542 3343 583 3387 ne
608 3343 728 3388 nomen
746 3321 881 3405 quidem
899 3342 984 3388 anno
1000 3322 1065 3388 355
1085 3327 1122 3387 iu
1137 3328 1238 3406 scrip·

235 3444 315 3506 toris
330 3450 476 3505 mentem
499 3442 642 3504 venisse.
663 3444 705 3502 At
724 3441 752 3501 si
774 3457 859 3502 anno
884 3437 947 3502 346
969 3440 1134 3523 libellum,
1157 3441 1237 3505 Hol-

273 3633 294 3680 l.
309 3625 454 3689 Demosth,
473 3628 523 3687 Ol,
541 3625 579 3688 111,
598 3629 640 3677 29.
662 3657 665 3664 -

271 3722 296 3769 ἱ).
313 3713 459 3776 ῠοῐῐιοεϊὴ.,
476 3715 616 3777 θὴθνεοη.,
634 3719 676 3766 56.

271 3808 294 3855 3.
309 3794 576 3854 Animadvertendum
591 3804 733 3853 esttamen
748 3800 832 3853 libelli
846 3801 931 3854 nostri
943 3806 1080 3855 auctorem
1093 3802 1174 3855 futuri
1192 3817 1239 3855 cu-

233 3865 338 3947 j'usdam
353 3881 417 3933 belli
432 3896 522 3934 curam
536 3881 661 3933 habuisse
671 3883 717 3944 tlt,
727 3883 827 3947 tt-tat,
837 3885 863 3934 et
877 3881 964 3946 ipsum
979 3883 1068 3935 lorsan
1078 3881 1235 3948 Philippum,

236 3959 358 4016 obscuris
373 3959 480 4026 quidem
494 3958 594 4029 uerbis,
610 3960 668 4013 loco
683 3962 709 4023 t,
736 3965 764 4012 13
785 3959 927 4025 designari.
951 3962 1036 4015 Otium
1056 3962 1127 4015 cuim
1146 3965 1240 4027 postu·

236 4043 272 4094 lat
285 4039 398 4105 scriptor
413 4042 513 4102 noster,
529 4040 577 4092 sed
591 4038 673 4091 otium
688 4054 748 4091 cum
763 4039 897 4105 dignitate.
