2798 4980
569 464 612 474 ..
658 426 701 492 55
747 464 788 475 -

179 577 258 637 tiam
274 575 399 636 civitati
414 573 584 636 conciliari
596 571 724 653 posse¹3
738 572 955 652 speratetille
969 573 1079 635 omnia
1090 591 1179 651 pros·

176 686 253 770 pera
267 690 378 753 futura
388 689 619 769 justitiamque
636 687 774 750 colendo
791 686 939 748 Athenas
959 688 1115 750 adversus
1129 688 1179 749 in·

173 806 272 887 jurias
288 813 436 867 auctores
453 821 567 867 omnes
583 803 714 865 Graecos
730 802 836 864 socios
849 800 1049 864 habiturasl.

221 921 345 982 Eadem
362 917 501 981 consilia
519 917 713 998 afferuntur,
740 918 854 979 eadem
875 924 1083 1001 extempore
1098 934 1179 995 prae-
1248 994 1250 999 ,

179 1036 274 1097 terito
290 1041 420 1114 sumpta
441 1032 589 1113 exempla
603 1038 840 1113 proponuntur,
860 1031 982 1093 iisdem
1006 1032 1178 1110 promissis

179 1149 289 1229 populi
314 1149 419 1228 gratia
444 1149 612 1229 quaeritur.
636 1147 759 1210 Eadem
783 1154 1051 1225 argumentorum
1079 1148 1177 1229 serie,

177 1266 293 1329 eodem
316 1265 555 1329 sententiarum
580 1266 694 1328 ordine
721 1265 817 1328 ambo
842 1266 1016 1345 scriptores
1040 1265 1180 1328 consilia

178 1383 429 1464 commendant,
443 1381 562 1444 iisdem
577 1382 753 1464 erroribus,
771 1381 885 1444 eadem
900 1399 1008 1444 rerum
1031 1381 1178 1460 publica-

176 1517 250 1560 rum
271 1488 452 1579 imperitia,
471 1498 586 1559 eadem
607 1496 872 1577 splendidiorum
894 1515 992 1577 quam
1011 1499 1179 1560 veriorum

176 1612 457 1692 pollicitationum
481 1613 624 1675 vanitate
639 1613 734 1676 ambo
749 1612 908 1691 laborant.
928 1593 1101 1676 Meliorem
1114 1615 1177 1675 rei-

175 1728 317 1808 publicae
341 1729 478 1815 formam
492 1729 588 1791 ambo
609 1736 814 1808 proponunt:
834 1746 906 1808 qnae
922 1747 985 1809 qua
999 1729 1122 1790 ratione
1137 1726 1179 1789 ad

178 1845 330 1907 effectum
344 1844 514 1924 perveniat
529 1843 639 1925 minus
655 1851 780 1905 curant.
797 1843 904 1905 Ambo
919 1843 1051 1905 tandem
1068 1843 1178 1909 omnia

176 1977 274 2040 prope
299 1955 450 2040 consilia,
468 1976 540 2038 quae
565 1957 713 2020 Eubulus
738 1959 777 2021 de
800 1957 1059 2021 administranda
1082 1976 1177 2038 repn-

177 2076 264 2138 blica
287 2075 495 2158 informabat,
514 2073 659 2137 laudaut.
685 2073 801 2154 Capite
816 2073 845 2135 V
860 2073 968 2135 libelli
985 2074 1090 2136 nostri
1103 2091 1175 2152 pro-

175 2199 342 2271 ponuntur
355 2190 453 2253 solita
467 2191 621 2253 factionis
641 2191 742 2272 hujus
761 2188 972 2267 argumenta³
988 2200 1018 2251 et
1032 2188 1175 2252 laudatio

172 2309 261 2387 pacis
272 2306 331 2369 illa
346 2309 381 2369 in
395 2307 549 2370 omnibus
566 2305 687 2368 Eubuli
710 2307 957 2386 amicorumque
972 2305 1175 2368 orationibus

172 2423 285 2506 allata,
301 2443 365 2504 qua
388 2431 435 2486 tot
460 2425 657 2486 detrimenta
681 2424 776 2502 paulo
798 2431 870 2501 post
895 2421 1082 2502 respublica
1101 2440 1174 2503 cap·
1254 2418 1256 2422 ’

173 2547 243 2601 tura
255 2533 349 2622 eratJ⁴,
361 2518 993 2621 'nedumbonamfamamadipisceretur.
1003 2538 1173 2618 CapiteVI

171 2657 351 2718 afferuntur
374 2655 631 2735 pollicitationes
655 2673 781 2739 omnes,
799 2655 919 2734 quibus
946 2655 1095 2718 Eubulus
1117 2674 1172 2734 po·

169 2771 286 2849 pulum
299 2770 532 2851 Aristophonti
548 2771 707 2833 infestum
722 2791 758 2834 se
776 2771 982 2834 redditurum
1002 2780 1169 2851 speraret:

171 2912 185 2941 «
204 2887 272 2949 Ista
291 2887 431 2970 agendo,
450 2889 477 2950 si
502 2887 609 2950 libelli
632 2889 733 2950 nostri
758 2889 884 2952 auctori
900 2890 1024 2970 credas,
1043 2891 1168 2953 Graecis

168 3004 340 3067 amiciores
354 3013 386 3066 et
401 3005 560 3082 gratiores
576 3005 839 3085 erimus,'urbem
854 3006 958 3067 tutius
969 3006 1166 3089 incolemus‚

166 3117 269 3196 gloria
283 3121 406 3201 maJ‘ore
419 3121 578 3204 fruemur,
597 3119 688 3201 plebs
702 3121 801 3183 rebus
818 3121 971 3184 omnibus
987 3122 1028 3184 ad
1043 3122 1168 3185 victum

166 3238 360 3299 necessariis
380 3238 571 3320 abundabit,
587 3238 770 3318 locupletes
783 3238 955 3318 impensis
980 3237 1111 3301 bellicis
1127 3239 1167 3300 li·

165 3351 385 3433 berabuntur,
411 3371 550 3433 cumque
577 3353 684 3416 futura
704 3353 745 3435 sit
766 3354 870 3433 maj0r
890 3355 1039 3416 omnium
1057 3374 1166 3418 rerum

164 3468 268 3550 copia,
284 3468 548 3544 magnificentius
574 3469 672 3530 etiam
688 3486 785 3548 quam
804 3487 893 3531 nunc
910 3469 981 3531 dies
996 3470 1095 3533 festos
1113 3489 1163 3533 ce-

107 3597 109 3601 ‘
162 3582 363 3645 lebrabimus
378 3592 410 3646 et
426 3572 546 3664 templa
557 3584 827 3666 instaurabimus,
843 3587 989 3665 itemque
1004 3605 1116 3649 muros
1132 3594 1164 3648 et

162 3727 175 3733 ι.
184 3727 369 3735 ..--.--.---.

200 3803 320 3862 141601,
339 3802 363 3863 l,
381 3807 406 3854 9.
424 3804 536 3866 Syrum„
554 3806 596 3853 2⁶2.

197 3891 222 3940 2.
240 3889 318 3949 Vect,
334 3889 361 3950 v,
382 3891 421 3942 13.
438 3890 547 3955 Samus,
568 3892 625 3953 138,
646 3894 704 3944 139.

196 3980 220 4027 3.
237 3974 381 4039 Damnem„
398 3979 431 4027 lle
440 3978 511 4041 suls,
525 3980 587 4043 leq,
605 3982 648 4032 88.

195 4069 221 4117 1.
239 4064 353 4130 Scbifer,
371 4065 389 4128 1,
409 4068 466 4127 183,
483 4069 540 4119 las.
