2798 4980
585 410 805 475 ..24-

192 577 276 638 nego
302 560 455 640 equidem
480 559 648 640 aliquanto
673 565 759 639 post,
782 573 859 618 cum
885 555 1038 639 Pagasas,
1063 555 1198 636 Magne·

192 677 277 739 siam
300 673 572 756 Thessaliamque
604 673 780 754 Philippus
803 690 861 737 suo
886 672 1043 736 arbitratu
1067 688 1200 754 compo·

194 792 309 872 suerit,
327 798 359 853 et
373 791 442 871 jam
457 788 697 870 Thermopylas
713 797 744 850 et
759 789 896 852 Graeoiae
911 789 1019 852 aditus
1033 806 1133 871 prope
1152 799 1200 855 te-

193 907 314 987 nuen't,
332 915 401 968 tum
417 904 680 968 Atheniensibus
695 904 730 965 in
752 914 896 966 mentem
917 906 1048 968 venisse
1064 924 1103 968 ex
1119 907 1200 968 Am·

191 1022 320 1105 phipoli
344 1031 436 1102 capta
453 1040 527 1084 vere
548 1021 676 1083 bellum
702 1030 810 1084 ortum
829 1023 953 1085 luisse:
977 1031 1010 1087 at
1031 1042 1117 1087 anno
1132 1022 1200 1088 355

192 1140 267 1219 quis
283 1139 448 1200 venientis
463 1135 604 1216 periculi
616 1138 726 1218 justus
741 1138 918 1201 aestimator
931 1135 1017 1201 luit?
1033 1142 1061 1202 N
1066 1159 1082 1203 e
1102 1145 1201 1209 mire·

193 1275 267 1319 mur
298 1256 401 1334 igitur
432 1254 540 1317 libelli
577 1255 680 1317 nostri
708 1256 835 1318 auctori
864 1273 925 1318 nec
957 1257 1109 1340 Philippi
1137 1280 1200 1328 nec

192 1371 276 1434 belli
291 1389 402 1434 curam
419 1372 534 1452 luisse,
552 1387 626 1433 oum
641 1371 862 1449 peritissimus
880 1371 938 1434 ille
959 1392 1070 1436 rerum
1090 1376 1202 1454 publi-

194 1507 305 1550 carum
335 1495 556 1567 propugnator
588 1486 828 1550 Demosthenes
856 1488 927 1567 ipse
953 1493 1039 1569 pacis
1068 1502 1201 1572 tempore

195 1600 337 1691 (εἰρήνης
364 1597 479 1689 οὔσης)
512 1603 616 1666 socias
640 1603 896 1666 Atheniensium
927 1608 1024 1670 urbes
1053 1609 1201 1687 perditas

141 1730 143 1734 ·
196 1718 297 1779 luisse
313 1717 503 1780 confiteatur
514 1714 551 1779 ¹?
571 1716 669 1798 Quid,
686 1735 763 1779 oum
788 1726 899 1782 unctor
911 1718 1021 1782 libelli
1041 1724 1146 1785 nostri
1163 1724 1219 1788 id·

194 1833 404 1914 potissimum
419 1833 621 1912 propositum
635 1832 800 1915 habuerit,
816 1842 852 1895 ut
867 1853 931 1914 qna
949 1836 1088 1919 ratione,
1106 1838 1202 1919 adju·

196 1956 291 2011 vante
317 1966 406 2028 pace,
433 1947 578 2010 civitatis
603 1948 726 2009 reditus
751 1949 863 2025 augeri
885 1949 1013 2027 possint
1033 1951 1200 2037 edoceret,

196 2062 327 2125 obscuri
352 2061 432 2123 belli
460 2063 604 2124 tumultu
627 2062 815 2142 splendidas
838 2062 1092 2141 pollicitationes
1124 2087 1203 2131 suas

193 2176 412 2241 turbavisset?
429 2178 478 2240 Ne
499 2178 586 2241 dicat
599 2179 695 2241 nobis
721 2176 945 2258 Holzaplelius
965 2181 1070 2244 libelli
1094 2186 1203 2247 nostri

193 2302 360 2356 auctorem
374 2294 412 2355 de
430 2293 585 2372 Philippo
600 2295 743 2372 cogitare
766 2303 797 2356 et
813 2296 959 2373 potuisse
979 2304 1012 2358 et
1026 2297 1199 2382 debuisse,

195 2408 317 2469 iisdem
340 2424 437 2486 prope
461 2408 568 2468 verbis
590 2409 706 2470 saltem
725 2427 822 2470 usum
841 2410 962 2489 quibus
984 2410 1145 2475 Isocrates
1163 2413 1202 2476 in

196 2525 344 2586 oratione
361 2523 420 2586 illa
434 2524 475 2585 de
489 2542 567 2604 pace
583 2525 686 2587 utitur
696 2522 718 2586 ².
738 2525 780 2587 At
795 2526 829 2587 in
845 2526 1087 2610 Areopagitica,
1101 2546 1203 2607 quam

197 2642 377 2704 orationem
393 2642 503 2703 statim
527 2648 600 2721 post
614 2659 817 2720 pacem-cum
834 2644 932 2705 sociis
953 2647 1051 2707 ictam
1071 2663 1202 2727 compo-

197 2759 294 2820 sitam
312 2758 411 2821 inisse
428 2767 514 2820 recte
532 2767 663 2839 statuas,
680 2759 751 2838 ipss
767 2760 929 2824 Isocrates
945 2771 976 2824 et
989 2781 1102 2842 paoem
1118 2763 1202 2828 cele·

196 2871 300 2952 brat⁸,
317 2891 381 2954 qua
407 2882 550 2954 tempore
573 2891 632 2936 suo
658 2876 772 2938 civitas
795 2877 934 2939 lruitur:
958 2878 1068 2942 locum
1091 2889 1203 2943 autem

196 3006 295 3070 quam
319 2991 509 3053 incensam
544 2992 769 3072 Holzapielius
794 2994 931 3074 vocavit,
964 2995 993 3055 si
1023 2993 1204 3072 diligenter·

198 3108 388 3190 perpendas,
428 3106 551 3169 mirum
590 3115 639 3169 est
679 3108 799 3186 quibus
842 3108 1024 3170 mendaciis
1063 3111 1205 3190 scriptor

199 3224 264 3286 sibi
287 3222 485 3285 blandiatur.
518 3223 558 3284 Et
582 3223 640 3286 ille
664 3224 886 3303 legationibus
915 3225 1050 3288 confidit
1080 3228 1203 3305 quibus

199 3342 306 3402 futura
321 3338 432 3401 omnia
449 3338 534 3400 ultro
555 3357 589 3400 sc
611 3346 698 3437 recte
721 3339 874 3402 habitura
895 3341 1066 3423 opinatur,
1089 3350 1121 3404 et
1141 3343 1202 3408 ille

199 3454 331 3516 facilem
345 3454 617 3534 commodumque
634 3454 827 3533 Philippum
842 3456 906 3517 sibi
922 3456 1030 3537 fingit,
1041 3458 1098 3536 qni
1112 3457 1201 3524 ultro

199 3569 459 3632 Atheniensibus
486 3576 612 3649 ereptas
635 3569 780 3632 civitates
807 3572 969 3633 restituat.
999 3571 1201 3653 Hujusmodi

237 3795 261 3845 1.
276 3790 419 3853 Demosth,
435 3793 483 3855 ot„
500 3792 539 3853 lll,
555 3796 596 3845 28.
612 3792 690 3858 Cujus
710 3789 764 3842 vim
782 3789 840 3856 ipse
859 3789 1035 3856 Holzaplelins
1050 3758 1201 3845 condietur.

174 3869 175 3872 ’
203 3871 318 3935 (Ptttot,
334 3875 393 3934 ⁴250,
410 3874 464 3924 not.
485 3874 513 3932 1.)
530 3871 564 3924 tt.
579 3871 724 3935 Demosth„
741 3870 878 3936 Charaeta,
897 3877 939 3925 tt.

208 3972 210 3977 ·
236 3964 260 4015 l.
277 3960 367 4022 lsocr,
384 3961 496 4023 symon,
513 3963 554 4012 22.

237 4055 261 4103 3.
277 4050 368 4112 isocr,
386 4053 524 4113 Areopoq,
543 4052 565 4101 1.
