2798 4980
584 412 804 477 ...ἳὸ-

191 555 330 635 raplelio
352 565 494 639 auctore,
522 558 740 636 compositum
766 565 959 638 statuamus,
983 576 1047 638 quo
1064 559 1201 621 uomiue

160 652 164 660 ⁵
192 670 397 749 negligentia
413 672 486 753 ista,
503 681 560 734 aut
580 672 724 735 amentia
740 672 861 753 potius,
878 673 1023 735 vocanda
1039 670 1111 735 sit?
1127 672 1201 735 Hoc

192 803 290 865 anno,
309 804 384 847 rum
399 785 575 866 Philippus
588 788 692 850 victor
701 804 800 868 prope
814 788 973 866 adportas
986 795 1097 869 staret,
1110 808 1201 870 cum,

194 902 330 964 Graeciae
349 901 440 965 aditu
462 910 630 982 occupato,
660 902 820 965 Boeotiam
845 911 970 966 teneret
993 912 1024 965 et
1043 903 1203 968 arbitratu

193 1035 253 1080 suo
282 1017 483 1096 Delphicum
514 1018 675 1097 templum
694 1018 762 1095 jam
786 1019 1075 1081 administraturus
1102 1031 1200 1103 esset,

194 1136 255 1198 hoc
281 1153 379 1216 anno,
397 1153 472 1198 cum
498 1154 536 1197 ex
559 1152 637 1215 pace
652 1135 705 1196 vix
728 1135 791 1196 ieta
809 1135 877 1215 jam
896 1152 988 1198 novae
1004 1135 1085 1198 belli
1100 1136 1203 1199 minae

194 1261 376 1332 surgerent,
403 1252 464 1314 hoc
487 1268 573 1314 auno
592 1253 678 1331 quis,
708 1251 774 1311 nisi
800 1249 1052 1332 stolidissimus,
1072 1252 1203 1332 Philip-

195 1386 273 1445 pum
296 1369 466 1447 negligere
489 1363 681 1448 potuisset?
704 1365 740 1426 Si
765 1383 850 1429 anno
872 1363 936 1429 355
956 1366 1111 1429 libellum
1127 1385 1212 1432 nos-.

199 1492 288 1544 trum
303 1485 462 1562 scriptum
488 1502 560 1545 esse
584 1493 717 1563 statuas,
738 1484 904 1561 scriptoris
925 1484 1052 1545 silentii
1070 1484 1206 1552 facilem

197 1599 358 1660 rationem
373 1599 509 1661 reddas:
529 1597 557 1659 si
571 1615 656 1659 anno
672 1595 736 1660 346
751 1596 848 1660 illum
864 1599 1087 1676 conscriptum
1102 1599 1203 1680 velis,

196 1711 388 1791 hujusmodi
404 1712 606 1790 negligentia
623 1711 718 1791 plane
734 1712 874 1774 absurda
890 1720 987 1775 esset.

242 1825 285 1888 Ut
299 1826 392 1888 illum
407 1828 595 1904 argumenti
612 1828 664 1888 sui
680 1827 832 1889 effectum
847 1827 1016 1907 effugeret,
1031 1827 1113 1888 miro
1123 1843 1204 1906 quo-

196 1941 271 2002 dam
286 1958 339 2002 mo
352 1941 382 2002 lo
399 1940 625 2021 Holzapielius
640 1940 779 2003 adnisus
800 1948 869 2002 ost:
898 1959 963 2020 quo
986 1948 1023 2003 ut
1042 1941 1202 2024 eveniret,

197 2058 406 2136 desperatum
431 2055 529 2117 illurn
555 2055 662 2118 locum
686 2055 728 2137 V,
751 2055 771 2118 9
793 2073 878 2120 novo
897 2056 1040 2136 quodam
1055 2058 1204 2120 remedio

198 2189 312 2233 sanare
337 2171 453 2233 voluit.
480 2169 563 2232 Cum
586 2182 617 2233 et
636 2168 708 2253 ille,
733 2170 857 2234 Cobeto
880 2180 1024 2253 auctore,
1050 2171 1206 2235 Bneclrhii

198 2287 392 2349 sententium
415 2283 585 2364 improbet,
600 2287 706 2367 ipsius
731 2295 840 2348 tamen
859 2286 975 2350 Cobeti
1006 2289 1207 2368 conjecturae

197 2402 308 2464 minus
323 2404 512 2482 assentitur,
528 2419 588 2464 nec
610 2420 674 2481 qua
692 2419 790 2464 causa
806 2402 886 2465 moti
903 2401 1090 2466 Phocenses
1112 2413 1207 2482 capto

198 2493 318 2596 templo
344 2527 406 2578 tam
431 2517 575 2578 breviter
595 2516 806 2597 excesserint,
827 2535 888 2578 nec
916 2535 979 2596 qua
995 2517 1206 2581 cunctatione

198 2632 314 2694 tardati
330 2631 478 2694 Thebani
495 2629 689 2693 derelictum
705 2632 819 2694 lanum
834 2649 992 2712 occupare
1013 2633 1119 2694 conati
1136 2640 1207 2694 tan-

198 2760 266 2812 tum
281 2748 359 2829 sint,
375 2765 435 2809 nec
452 2749 815 2828 reveraoccupaveriut,
831 2746 911 2809 satis
922 2745 1205 2829 iutelligit¹.Mad·
1262 2782 1266 2789 ·

198 2865 280 2943 vigii
304 2865 408 2942 igitur
430 2862 694 2926 emendationem
719 2864 890 2926 commode
912 2864 1096 2945 amplexus,
1123 2865 1206 2944 opti-

199 3000 298 3063 mam,
315 2980 478 3043 sententia
493 2999 576 3064 mea,
596 2980 769 3042 verborum
785 2979 1061 3056 significationem
1073 2987 1138 3042 tam
1149 2998 1206 3042 an-

198 3098 293 3177 cipiti
316 3096 387 3160 loco
412 3095 624 3177 attribuisset,
662 3095 741 3177 uisi,
769 3094 898 3156 infelici
924 3095 1066 3174 quodam
1096 3096 1206 3159 studio
1258 3095 1261 3101 '

198 3221 318 3276 rectam
350 3213 656 3294 interpretationem
688 3211 826 3292 propriae
864 3212 1059 3292 conjecturae
1097 3215 1207 3274 conci-

199 3329 314 3411 liaudi,
328 3330 428 3392 verba
443 3330 532 3391 omni
550 3329 646 3391 modo
665 3331 813 3391 torsisset
824 3336 859 3390 ut
871 3346 993 3389 amium
1010 3324 1074 3390 346
1086 3345 1123 3388 er
1134 3324 1215 3390 illis

200 3447 407 3526 exprimeret.
428 3444 605 3524 Scriptoris
619 3445 720 3507 verba
735 3443 909 3506 audiamus
931 3452 963 3505 et
977 3443 1172 3522 plaudamus
1183 3444 1205 3506 ².

245 3562 331 3624 (lum
345 3561 498 3623 libellum
513 3569 663 3624 nostrum
677 3579 763 3625 auno
773 3559 838 3624 346
850 3569 962 3624 auctor
973 3560 1204 3643 conscriberet,

201 3677 436 3758 Athenienses,
457 3677 646 3741 Philocrate
662 3687 804 3759 auctore,
819 3678 888 3758 jam
904 3696 1017 3757 paceni
1034 3695 1109 3741 cum
1126 3678 1206 3740 Phi-

204 3851 414 3862 ———

240 3955 263 4005 i.
281 3952 382 4033 Philol,
400 3966 426 4015 p.
444 3952 491 4004 ‘251
510 3963 568 4016 sqq.

239 4045 263 4093 2.
281 4041 355 4103 ibid,
371 4056 395 4108 p.
414 4041 538 4112 ast-259.
