2798 4980
646 413 865 479 ..50-

251 559 339 637 grini
369 558 491 622 milites
521 568 709 637 arroganter
746 577 762 620 e
793 558 984 639 reipublicae
1015 559 1258 624 calamitatibus

251 684 412 755 quaestum
425 674 550 740 iaciunt
561 674 581 738 ¹.

296 791 358 853 His
385 790 537 871 pessima
567 790 753 872 disciplina>
786 792 968 855 fautoribus
996 791 1080 856 alios
1109 803 1256 858 oratores

252 906 388 985 scriptor
403 907 548 988 opponit,
565 908 621 986 qni
638 909 753 988 populi
773 906 918 970 levorem
933 906 1011 970 aliis
1026 870 1149 971 artibus
1165 927 1256 988 qnae·

250 1029 337 1083 runt.
355 1021 539 1116 Prudenter
563 1022 613 1084 illi
630 1032 661 1084 et
682 1023 772 1104 pacis
788 1023 940 1105 studiosi,
956 1022 1031 1103 plus
1052 1024 1201 1086 utilitatis
1217 1026 1254 1087 iu

251 1138 488 1219 tranquillitate
503 1158 602 1220 qnam
617 1141 653 1201 in
678 1139 834 1202 inanibus
848 1141 1017 1202 conatibus
1032 1157 1104 1202 esse
1119 1149 1253 1203 conten·

250 1255 344 1337 dunt,
354 1253 428 1335 plus
440 1255 655 1319 emolumenti
666 1255 830 1336 justitiam
844 1273 957 1335 parere
966 1273 1065 1336 qnam
1078 1254 1251 1340 injuriam,

248 1370 517 1450 propriorumque
554 1389 664 1433 rerum
702 1386 813 1434 curam
846 1371 1030 1433 alienarum
1059 1371 1255 1459 appetitioni

247 1484 441 1564 prastare⁹.
467 1485 515 1548 De
541 1484 645 1547 salute
669 1486 811 1548 civitatis
832 1503 908 1547 vere
939 1483 1088 1565 solliciti,
1113 1502 1178 1547 non
1197 1486 1253 1566 ju-

248 1599 354 1662 cunda
367 1600 514 1680 quidem,
533 1600 590 1662 sed
605 1600 739 1662 utiliora
752 1599 872 1681 populo
886 1609 1071 1679 proponunt
1081 1608 1113 1662 et
1125 1601 1252 1666 medio·

247 1733 335 1778 crem
351 1715 545 1796 'reipublicae
564 1723 683 1778 statum
697 1733 770 1779 cum
786 1717 938 1795 aequitate
952 1718 1165 1798 conjunctum
1181 1734 1251 1780 ma·

246 1831 321 1908 gnis
337 1831 455 1910 opibus
469 1830 555 1894 male
569 1832 671 1912 partis
692 1840 904 1911 anteponunt.
932 1830 1059 1904 Quibus
1074 1832 1204 1899 undam
1220 1834 1252 1896 si

245 1945 387 2026 populns
408 1947 541 2009 credere
566 1932 680 2026 velit³,
704 1946 733 2007 si
754 1945 851 2007 malis
873 1945 1011 2026 artibus,
1030 1946 1182 2025 equibus
1204 1955 1252 2009 tot

246 2063 356 2126 clades
371 2074 446 2126 ortae
464 2064 540 2144 sint,
559 2063 687 2124 tandem
703 2063 867 2125 abstinere
888 2063 1047 2145 statuerit,
1067 2071 1131 2126 tota
1146 2063 1251 2126 reior-

244 2179 362 2240 manda
378 2187 427 2242 est
441 2177 632 2259 reipublicae
648 2178 749 2240 ratio:
766 2198 828 2259 pax
844 2197 919 2241 cnm
934 2178 1087 2242 omnibus
1098 2154 1252 2242 iacienda

244 2304 303 2378 est,
331 2304 366 2357 ut
391 2296 536 2358 restit-uta
560 2314 638 2376 pace
663 2296 778 2357 civitas
804 2294 1250 2376 1·ursuslloreat,etrespu-

244 2409 330 2472 blica
346 2412 417 2472 sine
435 2409 594 2493 pericuIO,
612 2410 712 2473 bellis
727 2419 759 2472 et
771 2410 890 2490 pugnis
902 2419 932 2472 et
943 2410 1085 2473 tumultu
1094 2409 1232 2473 liberata
1238 2459 1248 2495 ,

244 2527 376 2588 tributis
388 2537 418 2588 et
429 2525 629 2588 trierarchiis
641 2525 811 2606 immunis,
823 2544 937 2588 rursus
952 2527 1105 2589 omnibns
1120 2526 1250 2588 divitiis

244 2640 419 2704 abundet‘.
449 2641 587 2703 Reditus
604 2639 706 2705 bello
732 2640 901 2702 imminuti
928 2639 1083 2720 duplicati
1112 2641 1147 2702 in
1167 2658 1250 2705 aera·

243 2756 330 2817 rium
341 2756 524 2837 confluent3
544 2756 639 2837 socii,
658 2756 777 2818 tamdiu
798 2756 1056 2819 Atheniensium
1071 2765 1250 2835 praetorum

242 2870 387 2935 licentiae
404 2873 514 2935 traditi
525 2869 547 2955 ⁶,
562 2872 648 2934 ultro
664 2871 856 2952 reipublicae
868 2873 1050 2935 amicitiam
1064 2883 1096 2934 et
1111 2873 1249 2936 societa-

244 2989 441 3072 temoolent,
469 2989 598 3070 quando
619 2989 756 3069 justitiae
780 2990 933 3069 pacisque
963 2989 1145 3052 studiosam
1166 2991 1249 3052 civi-

243 3115 339 3169 tatem
380 3106 536 3168 viderint.
581 3106 649 3185 Ipsi
685 3106 878 3185 reipublicae
921 3106 1075 3167 acerrimi
1112 3104 1247 3187 hostes,

241 3224 473 3312 Kersobleptes
488 3223 542 3285 vel
558 3222 744 3306 Philippus,
763 3240 838 3286 cnm
855 3222 971 3301 opibus
987 3223 1056 3283 suis
1073 3230 1247 3285 contentos

241 3341 335 3403 nulla
351 3340 459 3401 aliena
474 3340 697 3401 Athenienses
716 3347 867 3419 appetere
882 3340 1117 3420 perspexerint,
1139 3337 1247 3401 liben-

242 3467 291 3519 ter
326 3456 583 3519 Atheniensium
613 3456 877 3537 possessionibus
906 3455 1132 3535 abstinebunt,
1162 3458 1247 3536 quin

280 3698 302 3747 1.
318 3699 408 3760 lsocr.,
427 3702 535 3760 syrtaria,
553 3698 596 3758 46,
612 3700 655 3750 48.

275 3789 300 3835 ῗ.
317 3784 393 3846 told„
412 3790 455 3837 26.

274 3880 298 3925 3,
315 3874 392 3935 ibid„
413 3878 436 3936 t,
458 3878 497 3925 13.

273 3962 298 4013 l.
314 3963 392 4024 ibid,
413 3966 451 4024 lo,
470 3964 511 4012 tl.

273 4057 298 4103 ai.
317 4051 392 4107 idid..
414 4054 470 4101 itt.
