2798 4980
526 417 745 482 „19¹-

135 570 206 614 cem
222 552 303 616 duos
319 553 409 615 locos
425 554 538 614 referri
559 572 654 633 posse
677 554 751 633 quis
772 549 972 616 contendat?
995 554 1137 634 Deinde,

136 667 166 728 si
180 687 285 732 unum
300 668 454 748 idemque
470 668 576 731 foedus
599 668 725 731 duobus
746 669 828 732 lucis
853 678 1138 751 commemoratur,

136 799 206 863 cur,
232 801 306 845 cum
331 800 444 844 revera
466 791 577 845 auctos
603 783 861 846 Atheniensium
884 784 1011 846 reditus
1034 785 1076 866 V,
1100 781 1142 845 12

137 901 279 981 scriptor
294 902 472 985 significet,
491 920 558 964 non
573 903 632 964 has
648 920 725 981 opes
739 920 813 984 quae
834 902 1036 982 inpromptu
1050 899 1139 984 su'nt,

138 1015 196 1076 sed
212 1016 357 1078 incertos
371 1015 473 1078 futuri
490 1017 570 1078 anni
585 1017 710 1078 reditus
725 1016 766 1077 ad
785 1015 986 1096 perficienda
1001 1016 1143 1078 consilia

137 1130 289 1194 adhiberi
305 1129 414 1194 velit?
430 1132 511 1207 Quis
536 1132 665 1195 tandem
689 1133 798 1212 reipsa
821 1133 945 1195 reditus
967 1140 1078 1194 auctos
1097 1131 1139 1214 V,

142 1245 182 1309 12
198 1249 308 1311 dicere
323 1250 497 1330 potuisset,
518 1249 584 1310 nisi
606 1266 726 1333 apace
746 1249 830 1311 facta
845 1249 914 1330 jam
934 1249 1069 1327 longius
1092 1249 1143 1310 in-

141 1363 314 1428 tervallum
335 1361 607 1428 intercessisset?
629 1365 674 1426 At
696 1364 755 1446 IV,
781 1361 825 1426 40
856 1373 1144 1430 commemoratam

139 1500 253 1562 pacem
268 1483 365 1546 modo
381 1483 501 1544 initam
523 1499 593 1544 esse
617 1498 751 1544 necesse
771 1489 831 1562 est,
853 1499 929 1544 cum
949 1455 1146 1546 scriberetur

140 1596 277 1660 libellus
293 1605 415 1661 nester.
434 1597 525 1660 Adde
541 1606 731 1674 argumenta
746 1597 811 1658 duo
826 1615 843 1658 e
858 1615 968 1659 rerum
979 1606 1145 1675 gestarum

139 1715 299 1775 memoria
313 1712 513 1794 desumpta¹.
533 1712 615 1774 Cum
631 1711 775 1774 solerent
795 1711 1018 1775 Athenienses
1031 1714 1144 1801 praeci·
1232 1770 1236 1776 ,

141 1848 205 1910 pua
219 1829 410 1910 reipublicae
426 1826 600 1906 vectigalia
614 1827 734 1909 locare,
754 1834 786 1889 et
799 1836 888 1890 certa
898 1829 1074 1906 quotannis
1090 1847 1144 1908 pe·
1217 1911 1219 1915 ¹
1288 1918 1292 1925 ²

141 1943 269 2007 cuniae
285 1943 538 2008 conductoribus
553 1944 589 2004 in
604 1943 757 2006 aerarium
768 1943 939 2021 publicum
952 1944 1142 2027 referretur,

141 2078 239 2140 quem
255 2069 330 2123 ante
346 2067 513 2140 peractum
528 2076 652 2120 annum
663 2053 809 2143 3561355
821 2076 859 2120 ex
869 2058 1029 2121 reditibus
1041 2060 1146 2122 auctis

143 2176 286 2238 fructum
299 2175 485 2256 respublica
500 2191 614 2253 capere
631 2169 768 2252 posset?
781 2171 811 2234 E
827 2173 1022 2236 commercio
1039 2173 1148 2235 suble·

142 2299 217 2354 vato
232 2299 406 2371 auctoque,
434 2308 451 2352 e
475 2289 697 2369 frequentiore
719 2296 877 2372 mercatu,
902 2308 941 2351 ex
962 2291 1149 2368 peregrino·
1189 2357 1191 2361 ,

143 2424 216 2468 rum
239 2413 403 2469 conventu
427 2402 665 2468 conductorum
689 2421 767 2482 opes
797 2403 995 2485 crescebant,
1025 2404 1149 2467 nedum

143 2522 353 2604 adjuvaretur
369 2521 478 2583 aerarii
495 2527 633 2597 egestas.
652 2518 857 2598 Scriptorum
870 2518 989 2580 deiude
1006 2520 1149 2581 testimo·
1215 2507 1218 2513 ⁴

144 2638 210 2700 niis
235 2638 446 2701 confirmatur
469 2653 633 2698 summam
650 2635 754 2696 fuisse
779 2651 866 2697 anno
885 2629 1149 2718 3551354111110-

144 2749 521 2832 niensiumreipuhlicae
538 2749 709 2829 inopiam:
734 2749 814 2829 quid
835 2749 937 2827 igitur
959 2749 1023 2811 sihi
1037 2724 1152 2813 volunt

144 2870 233 2932 aucti
248 2870 376 2932 reditus
400 2869 458 2930 isti
480 2885 498 2928 a
517 2866 633 2930 libello
651 2874 764 2930 nostro
786 2868 1048 2949 commemorati,
1072 2885 1151 2948 quo·

144 2986 241 3048 modo
258 2984 299 3048 ad
314 2984 489 3065 publicum
504 2983 613 3044 aerarii
628 2989 749 3044 statum
764 2982 827 3044 hoc
844 2983 916 3062 ipso
932 2989 1020 3045 ’011110
1035 2983 1152 3045 1010111

145 3108 293 3183 pessunt,
312 3118 377 3185 quo
393 3099 634 3162 Demosthenes
648 3097 737 3160 1111111
761 3099 797 3159 111
818 3099 932 3161 aerario
947 3100 1022 3161 urbi
1039 3117 1151 3179 super·
1195 3095 1197 3100 ’

145 3232 218 3278 esse
242 3221 352 3295 aperte
379 3210 639 3276 confitebatur²t
655 3213 741 3275 Huic
764 3230 863 3293 anne,
888 3214 917 3277 si
940 3212 1005 3295 vis,
1030 3214 1152 3276 referas

146 3349 220 3411 quae
235 3330 276 3413 V,
301 3327 341 3392 12
368 3331 408 3392 de
434 3329 591 3392 exhausto
615 3329 729 3391 aerario
750 3329 1017 3408 privatorumque
1043 3329 1155 3408 inopia

147 3447 287 3527 scriptor
301 3446 451 3526 exposuit
470 3466 477 3506 :
495 3462 568 3525 quae
587 3444 647 3528 IV,
664 3441 709 3508 40
727 3446 768 3506 ad
786 3446 1027 3525 prosperiorem
1045 3447 1154 3524 reipu-

146 3564 243 3628 blicae
258 3572 379 3628 statum
396 3570 555 3645 spectant,
576 3562 605 3624 si
620 3562 703 3624 velis
723 3562 924 3645 intelligere,
947 3571 1020 3641 post
1044 3562 1156 3626 Philo·

147 3687 289 3744 crateam
303 3696 417 3759 pacem
432 3678 553 3758 scripta
568 3695 639 3740 esse
650 3678 792 3758 judices.

192 3795 400 3875 Quamquam
420 3794 613 3874 superbiore
636 3812 714 3858 voce
734 3794 963 3874 Holzapfelius
983 3794 1158 3857 contendat

185 3980 209 4030 1.
224 3979 329 4040 rottei,
348 3993 374 4044 p.
393 3980 519 4032 rte-aes.

183 4061 210 4110 2.
226 4059 370 4121 Demosth,
387 4072 409 4110 c.
428 4058 544 4123 reptio„
560 4060 604 4110 24.
