2798 4980
614 432 832 494 —lli—

217 578 330 661 mavit,
352 579 397 640 ita
420 585 466 657 ul,
492 586 563 656 post
586 577 787 640 l'hilocratei
814 578 948 641 hederis
965 542 1229 660 conclusionem,

219 683 294 758 ante
310 694 455 756 Phalaeci
470 693 687 775 deditionem,
697 694 807 756 libelli
822 696 1225 776 coniectionemponeret;

222 820 266 893 et,
282 830 324 875 ne
340 819 437 874 certo
455 820 640 890 temporum
656 810 775 873 rationi
791 812 971 892 quidquam
987 813 1128 894 deesset,
1142 813 1233 874 inter

222 929 300 991 anni
315 926 380 990 346
399 925 671 1008 Elaphebolionis
687 927 813 989 mensis
831 927 921 989 diem
944 926 983 989 19
1000 938 1031 991 et
1047 926 1230 1008 Skiropho-

222 1043 327 1107 rionis
342 1042 432 1105 diem
448 1041 490 1105 23
507 1042 728 1121 couscriptum
746 1061 817 1105 esse
831 1060 912 1123 opus
928 1052 1092 1107 statueret.

267 1159 394 1240 Restat,
417 1177 458 1220 ne
478 1149 586 1220 ulhim
606 1157 645 1219 de
669 1158 849 1236 questione
874 1167 983 1222 nostra
1003 1141 1232 1222 testimonium

216 1275 427 1365 omittamus,
445 1284 482 1337 ut
497 1274 762 1336 emendationem
777 1274 965 1356 quamdam,
982 1293 1042 1337 nec
1059 1275 1232 1337 infelicem

223 1389 1234 1472 illam,memoremns,qnaMadvigius¹simulNitschiusquc⁹

223 1505 296 1570 loco
312 1505 353 1587 V,
372 1503 391 1568 9
408 1506 585 1568 subvenire
600 1505 708 1567 conati
724 1513 813 1566 sunt.
835 1505 937 1567 Recte
960 1504 1049 1567 enim
1064 1504 1160 1567 ambo
1175 1505 1234 1567 ad·

223 1639 336 1684 versus
370 1618 531 1683 Cohetum
558 1630 758 1681 monuerunt
785 1620 948 1702 scriptori,
976 1619 1005 1680 si
1030 1619 1235 1700 Delphicum

224 1737 383 1816 templum
400 1753 544 1799 reveraa
560 1734 728 1796 Thebanis
752 1743 946 1813 occupatum
967 1733 1154 1812 significare
1175 1751 1234 1796 νο-

224 1851 336 1932 luerit,
354 1869 461 1932 neque
476 1850 647 1937 ἐπειρῶντο,
665 1867 772 1928 neque
787 1850 897 1927 οἵτινες
917 1850 1097 1912 dicendum
1113 1849 1229 1932 luisse,

225 1967 282 2029 sed
298 1975 331 2029 et
344 1968 376 2033 οῖ’
388 1975 419 2029 et
433 1966 646 2051 πεπείρανται.
660 1965 838 2043 Eleganter
850 1964 1034 2043 igiturloco
1045 1965 1231 2047 emendato,

223 2087 367 2169 πειρῷντο
388 2098 446 2162 pro
470 2079 629 2166 ἐπειρῶντο
645 2080 857 2162 scripserunt,
881 2079 926 2141 ita
945 2088 980 2141 ut
1001 2096 1059 2140 uec
1082 2078 1233 2141 Phocen-

210 2183 311 2260 'sium
332 2197 537 2259 deditionem
556 2214 616 2258 nec
637 2195 750 2275 templi
765 2214 784 2257 a
799 2194 967 2256 Thebanis
983 2195 1233 2276 occupationem

224 2311 472 2375 commemorari
492 2319 671 2392 putassent,
696 2310 753 2372 sed
769 2310 831 2372 hoc
852 2317 979 2371 tantum
995 2309 1048 2369 his
1065 2308 1173 2370 verbis
1188 2310 1232 2370 si-

223 2429 399 2507 gnificari:
419 2427 591 2506 siquando
612 2392 876 2506 ai3hocensihus
894 2425 1051 2506 templum
1069 2426 1232 2497 desertum

223 2546 361 2628 fuisset,
387 2554 465 2606 tunc
489 2544 560 2605 fieri
584 2560 679 2623 posse
709 2552 743 2605 ut
771 2541 960 2629 προστασίαν
988 2541 1138 2603 Thebani
1167 2542 1233 2603 sihi

222 2662 441 2724 vindicarent.
467 2658 532 2721 Cui
558 2658 781 2722 emendationi
808 2665 840 2719 et
865 2656 1001 2720 Curtius
1032 2666 1064 2720 et
1094 2657 1232 2721 Zurbor-

224 2773 316 2853 gius⁸
340 2784 372 2836 et
397 2772 637 2854 Holzaplelius⁴
658 2781 692 2835 et
716 2772 774 2854 qui
803 2773 1054 2835 recentissimus
1081 2772 1232 2835 omnium

224 2891 455 2971 Xenophontis
469 2891 544 2952 vitae
568 2889 774 2951 illustrandae
799 2905 931 2967 operam
953 2887 1057 2969 dedit,
1079 2884 1144 2950 Ad.
1167 2887 1232 2950 Ro·

224 3003 364 3088 quette³,
390 3005 543 3068 assentiri
569 3022 634 3067 non
664 3005 905 3067 dubitaverunt.
938 3003 968 3063 A
993 3003 1097 3064 simili
1123 3010 1233 3065 tamen

225 3120 322 3183 initio
337 3121 485 3202 profecti,
503 3137 571 3182 non
585 3119 735 3181 eamdem
752 3137 866 3181 omnes
882 3117 1129 3180 conclusionem
1141 3119 1232 3178 iuve-

225 3246 344 3300 nerunt
362 3258 369 3299 :
386 3254 501 3300 omnes
518 3235 703 3299 conlectum
718 3254 789 3298 esse
802 3235 969 3319 libellum,
986 3254 1061 3298 curn
1072 3235 1141 3315 J‘am
1155 3234 1231 3294 Phi-

225 3350 366 3414 lomelus
392 3351 553 3430 templum
569 3359 758 3431 occupasset
773 3350 963 3431 bellumque
981 3370 1109 3413 sacrum
1124 3335 1232 3412 ortum

263 3632 286 3678 1.
303 3626 412 3692 Madvig,
430 3626 596 3678 Aduersuria
610 3627 684 3691 crit,
703 3629 720 3691 l,
738 3642 763 3693 p.
783 3630 842 3679 364.

260 3716 285 3764 2.
303 3713 417 3778 llitscbe,
434 3718 483 3766 tcc.
499 3715 588 3775 laud„
599 3727 624 3777 p.
639 3716 698 3765 957.

261 3805 284 3853 3.
302 3804 328 3854 ln
344 3801 469 3856 editione.

262 3891 288 3941 t.
305 3890 363 3943 loc.
379 3892 464 3953 laud,
482 3905 508 3956 p.
526 3894 651 3943 iot-255.

264 3984 288 4031 ὁ.
306 3979 442 4046 llcpuette,
459 3984 494 4032 De
509 3979 688 4045 Xcrtcpbctrtc'r
704 3979 770 4031 uita.
785 3979 933 4043 llcgimonti
949 3969 1133 4044 Borussorum‚
1154 3983 1232 4042 1884,

227 4074 252 4124 p.
272 4062 359 4112 tacu.
376 4062 412 4112 ct.
429 4063 449 4113 l.
466 4063 487 4112 l.
501 4063 651 4119 hartmann,
672 4063 799 4111 Acclcrlc
816 4062 1012 4126 Xerccpltcutec.
1029 4059 1139 4125 Leipzig,
1156 4063 1231 4111 1881.
