2798 4980
595 394 861 472 '-oa-

249 553 381 616 candidi
399 553 488 616 senis
504 551 784 633 pollicitationes¹
802 580 831 636 ι»,
848 572 955 635 neque
970 554 1162 637 hujusmodi
1176 572 1255 619 con-

247 671 324 733 silia
348 669 646 750 prudentissimum
670 670 768 733 illum
797 671 1007 751 publicarum
1036 672 1255 751 pecuniarum

247 787 546 851 administratorem
570 795 626 849 aut
650 789 689 850 ad
714 788 867 851 ellectum
891 800 1035 870 unquam
1061 789 1256 869 perduxisse

246 911 302 964 aut
316 905 495 984 perducere
511 904 702 967 tentavisse.
718 903 788 978 Qua
800 905 835 990 in
850 924 885 967 re
899 905 1059 968 erravisse
1076 904 1255 985 paululum

248 1020 390 1083 Cobetus
412 1019 494 1081 mihi
520 1020 661 1081 videtur.
684 1020 758 1081 dam
785 1020 930 1099 primum
955 1021 1179 1083 adnotandum
1205 1031 1257 1084 est

246 1154 332 1201 anno
347 1134 412 1201 355
428 1136 595 1200 Eubulum
610 1136 757 1199 nondum
773 1139 970 1222 suscepisse,
990 1147 1026 1202 ut
1042 1137 1167 1202 Cobeto
1183 1138 1255 1219 pla-

247 1254 326 1335 cuit,
358 1253 505 1333 pecuniae
535 1252 679 1332 publicae
708 1270 830 1334 curam,
862 1271 923 1316 neo
951 1255 1077 1317 reditus
1100 1255 1256 1335 publicos

246 1365 353 1430 adhuc
380 1367 663 1430 administravisse
692 1375 724 1429 et
750 1365 909 1430 auxisse¹.
946 1367 1115 1448 Multaque
1149 1369 1259 1448 igitur

247 1479 447 1543 credendum
461 1487 510 1543 est
533 1497 572 1543 eo
596 1489 752 1563 tempore,
776 1500 851 1544 cum
871 1478 1118 1563 Aristophontis
1136 1484 1255 1547 factio-

247 1596 323 1656 nem
338 1597 546 1676 impugnaret
562 1613 622 1657 nec
637 1598 706 1674 ipse
722 1614 860 1658 summae
885 1616 994 1660 rerum
1014 1605 1182 1680 praeesset,
1205 1601 1255 1663 vi-

246 1729 319 1772 rum
344 1712 385 1773 de
409 1711 535 1791 publici
555 1713 662 1773 aerarii
685 1712 971 1776 administratione
1001 1714 1124 1777 dixisse
1152 1724 1255 1796 atque

246 1832 437 1908 ostentasse,
456 1844 528 1907 qnae
550 1843 625 1888 mox
646 1844 663 1887 e
686 1828 845 1888 memoria
866 1827 1034 1913 abjiceret,
1057 1828 1254 1908 reipublicae

247 1941 349 2003 semel
378 1960 456 2005 cura
483 1938 645 2022 suscepta.
678 1939 808 2004 Deinde
836 1943 986 2022 qnanrvis
1015 1944 1112 2007 certis
1140 1942 1255 2006 libelli

248 2055 330 2119 locis
356 2067 507 2137 appareat
529 2057 678 2138 qrraedanr
700 2057 909 2136 publicarum
932 2076 1044 2122 rerum
1069 2059 1250 2141 imperitia,

247 2170 393 2252 aliquant
408 2183 514 2235 tamen
528 2172 641 2252 legum
655 2172 889 2255 cognitionem,
900 2173 1019 2252 quibus
1029 2174 1156 2252 regitur
1166 2175 1253 2255 poli·

249 2288 311 2349 tica
326 2286 493 2372 οἰκονομία,
510 2287 665 2351 habuisse
682 2287 811 2350 videtur
826 2288 964 2368 scriptor
980 2297 1102 2352 noster.
1115 2287 1254 2370 Optime

248 2403 398 2482 exposuit
413 2420 478 2483 qno
492 2403 590 2466 modo
607 2422 737 2486 aarum,
753 2405 784 2465 si
802 2420 921 2482 magua
938 2404 1011 2484 ejus
1026 2405 1118 2485 capia
1132 2407 1254 2485 produ-
1323 2428 1328 2435 ·

248 2529 350 2601 catur,
376 2494 515 2582 minoris
536 2539 608 2582 esse
630 2521 732 2583 soleat
757 2520 1003 2604 aestimationis,
1026 2528 1057 2584 et
1077 2530 1254 2600 argentum

248 2646 358 2697 contra
372 2636 550 2714 pretiosius
564 2633 721 2698 reddat³:
748 2637 843 2717 cujus
867 2629 945 2698 facti
971 2645 1113 2716 tempore
1137 2645 1253 2702 nostro

248 2752 455 2813 manifestant
470 2752 785 2814 demonstrationem
799 2752 981 2814 attulerunt
997 2753 1255 2833 opulentissima

247 2867 318 2927 auri
343 2867 475 2929 metalla
498 2868 531 2928 in
559 2866 741 2929 Calilornia
762 2862 879 2951 (1847)
902 2876 934 2928 et
952 2866 1119 2930 Australia
1134 2865 1254 2954 (1851)

248 2981 387 3043 effossa:
405 2985 527 3063 optime
543 3000 672 3062 quoqne
688 2981 851 3045 intellexit
867 3001 935 3064 cnr,
953 2985 982 3044 si
993 2984 1027 3044 in
1037 2982 1250 3069 agricultura,

248 3098 373 3159 artibus
388 3099 441 3160 vel
457 3099 653 3161 commercio
670 3099 774 3179 major·
796 3098 954 3178 cujusque
975 3100 1024 3160 rei
1045 3099 1139 3178 copia
1153 3101 1253 3162 exsti-

247 3213 336 3292 terit,
353 3213 488 3276 viliores
503 3215 583 3277 fiant
597 3231 704 3294 operae
720 3211 939 3295 tractusque‘,
953 3215 1081 3292 argenti
1092 3232 1169 3277 vero
1183 3233 1253 3278 ma-

247 3329 358 3410 teries,
375 3338 496 3410 quanto
514 3331 677 3410 copiosior
691 3328 851 3392 exstiterit
867 3338 899 3391 et
913 3331 1039 3406 argenti
1050 3330 1125 3415 plns
1136 3331 1250 3415 faerit,

247 3450 336 3503 tauto
351 3443 463 3522 plnres
480 3444 521 3505 ad
537 3445 599 3507 hoc
615 3461 694 3524 opus
717 3462 751 3507 se
773 3440 920 3507 conferre
940 3445 1080 3529 possint,
1104 3462 1164 3508 nec
1179 3447 1253 3510 ullo

247 3576 390 3638 unquam
419 3547 565 3638 ternpore
593 3567 765 3636 argentum
793 3556 973 3621 vilescatl:
1000 3577 1072 3639 quae
1095 3558 1159 3643 lex,
1188 3566 1253 3626 etsi

286 3730 307 3778 l.
324 3727 412 3790 Cobet,
428 3730 508 3782 Novae
523 3730 595 3788 tect„
613 3741 639 3791 p.
659 3730 783 3780 tes-759.

282 3812 307 3859 2.
324 3808 401 3870 tata,
419 3822 445 3873 p.
463 3811 522 3859 757.

283 3889 307 3937 3.
329 3888 462 3951 tect.,1t‚
484 3890 522 3940 10.

280 3968 306 4017 4.
327 3967 405 4030 lect,
421 3966 458 4029 ll,
477 3971 502 4016 6.
586 3976 607 3995 r

282 4052 306 4096 i.
327 4047 406 4106 Vect,
424 4048 459 4106 ll,
481 4049 520 4096 11.
