2798 4980
591 430 811 493 ..36-

200 577 329 640 navalia
343 586 375 640 et
388 577 563 638 armarium
579 577 772 640 aedificata:
795 587 835 639 et·
850 578 1035 641 Dinarchus
1053 579 1205 643 triremes

199 693 398 758 suhEubnlo
407 702 607 756 constructas
619 694 790 757 etnavalia
799 695 895 777 facta,
907 703 939 756 et
949 694 1134 758 aedificiain
1151 697 1205 758 Pi·

198 824 264 870 ru=o
275 816 436 871 exstructa
445 817 477 869 et
493 808 677 871 Minervam
689 827 771 873 novo
782 820 896 873 ornatu
908 811 1048 875 dotatam
1058 808 1202 873 laudat⁹.

199 920 345 995 Quorum
356 922 641 1003 operumplurima
652 942 740 1007 pars,
752 934 828 988 ante
838 942 960 988 annum
976 921 1041 986 346
1051 924 1204 988 inchoata

198 1039 251 1101 vel
266 1038 383 1102 saltem
396 1038 558 1122 decreta³,
577 1041 655 1102 satis
670 1040 870 1104 demonstrat
884 1040 1038 1103 libellum
1053 1049 1203 1104 nostrum

197 1166 270 1218 ante
295 1155 539 1218 Philocrateam
561 1174 674 1236 pacem
703 1158 863 1236 scriptum
882 1157 985 1219 fuisse
996 1154 1017 1219 ⁴.
1042 1156 1111 1220 Sub
1135 1158 1201 1220 En-

196 1273 266 1336 buli
297 1273 583 1334 administratione
610 1274 751 1352 pecunia
781 1274 882 1350 igitur
911 1290 976 1335 non
1004 1273 1198 1336 deficiebat:

182 1397 228 1472 et
258 1387 476 1467 prudentibus
505 1386 628 1448 artibus
651 1388 809 1450 reiectum
833 1388 986 1449 cerarium
1008 1405 1076 1450 non
1097 1407 1203 1450 unum

195 1520 272 1566 cum
288 1502 445 1583 Phiiippo
460 1502 586 1565 bellum
603 1504 639 1565 in
651 1510 774 1565 tantam
786 1503 932 1582 inopiam
940 1503 1203 1582 redegitTestis

196 1618 450 1700 Demosthenes,
469 1619 526 1699 qui
546 1619 617 1698 ipso
637 1636 723 1681 anno
745 1615 808 1680 346
828 1627 990 1682 trecentas
1004 1621 1154 1682 triremes
1171 1630 1205 1683 et

195 1743 397 1798 armamenta
419 1744 451 1796 et
472 1735 629 1813 pecunias
651 1743 784 1813 propter
804 1753 918 1814 pacem
941 1736 1204 1799 Atheniensibus

196 1851 398 1930 superfuisse
412 1850 583 1930 profitetur
592 1847 614 1911 ⁶.

241 1965 324 2039 Quis
348 1973 461 2027 contra
480 1964 581 2026 fuerit
603 1981 689 2026 anno
711 1960 776 2026 355
798 1963 925 2044 publici
944 1965 1203 2029 Atheniensium
1302 1959 1305 1963 ’

191 2081 304 2143 mrarii
321 2075 449 2155 status?
469 2079 517 2140 Ex
532 2079 685 2142 omnibus
707 2082 863 2160 temporis
882 2081 982 2163 hujus
999 2083 1203 2147 testimoniis

122 2194 128 2207 ’
195 2204 327 2276 apparet
342 2214 470 2258 summa
484 2204 562 2258 tunc
580 2197 693 2275 inopia
712 2196 924 2261 laboravisse.
937 2199 1202 2281 ‘Rempublicam

195 2312 236 2374 ad
250 2328 413 2373 summam
429 2317 605 2388 egestatem
629 2311 742 2373 reduci
761 2311 796 2372 in
817 2313 963 2376 oratione
984 2313 1024 2375 de
1041 2332 1121 2393 pace
1143 2315 1202 2378 ha-

194 2427 263 2489 hita
283 2426 444 2488 Isocrates
466 2423 602 2488 asserit⁶
623 2435 656 2488 et
673 2427 848 2506 pecuniam
869 2427 956 2490 ultra
978 2429 1073 2491 mille
1096 2430 1202 2493 talen·

194 2552 303 2606 torum
324 2545 359 2604 in
376 2544 540 2622 stipendia
554 2541 700 2604 militnm
716 2544 883 2621 profusam
897 2544 1000 2608 inisse
1011 2543 1034 2606 ⁷.
1050 2544 1203 2611 Vacuum

194 2661 348 2722 aerarium
357 2659 599 2721 Demosthenes
614 2675 700 2721 anno
712 2655 776 2720 354
786 2659 980 2722 denuntiat:
999 2659 1030 2728 ἐν
1042 2667 1132 2750 κοινῷ
1148 2661 1204 2749 μὲν

232 2892 255 2942 1.
274 2886 357 2939 hisch.
374 2901 398 2938 c.
416 2888 497 2948 thr„
513 2892 554 2940 25.
571 2885 605 2939 Ci.
621 2887 653 2937 dc
669 2885 798 2938 restitutis
813 2885 897 2939 muris
914 2888 939 2941 C.
958 2890 975 2940 1.
991 2889 1029 2950 A„
1046 2887 1075 2952 tt,
1093 2891 1155 2942 833.

230 2982 255 3030 2.
272 2975 394 3028 Dinarch.
410 2991 433 3028 c.
452 2978 590 3039 Demosth,
606 2980 649 3028 96.
1064 3049 1067 3058 Ι

229 3073 253 3121 3.
268 3067 298 3118 C.
313 3067 334 3116 Ι.
347 3067 387 3127 A„
406 3065 433 3126 ΙΙ,
451 3068 512 3116 rto.
526 3063 608 3116 AEsch.
618 3077 639 3116 c.
651 3062 726 3126 Tim„
739 3066 781 3114 80.
793 3061 936 3124 Demosth,
953 3064 1065 3128 Desats.
1079 3066 1141 3128 lep..
1155 3071 1199 3119 66.

228 3157 253 3208 4’.
270 3153 406 3205 Contendit
427 3152 511 3204 liheili
530 3152 614 3205 nostri
636 3155 727 3204 auctor
750 3153 783 3204 oh
807 3149 904 3203 tributa
922 3150 949 3202 in
969 3151 1039 3203 bello
1059 3158 1151 3206 exucta
1166 3168 1200 3205 ne

192 3237 324 3291 tantulum
345 3237 452 3304 quidem
473 3253 488 3289 n
510 3236 612 3289 civibus
636 3234 767 3288 contribui
789 3247 869 3299 posse
893 3237 982 3296 (ναοί,
1010 3237 1046 3298 ii,
1067 3233 1119 3296 40).
1140 3238 1201 3290 Haec

192 3332 298 3385 qnoque
314 3319 345 3369 ad
361 3332 461 3369 annum
476 3321 526 3370 355
542 3318 681 3382 spectant:
697 3314 793 3366 iisdem
811 3313 867 3365 iere
885 3313 975 3366 verbis
990 3313 1017 3365 in
1034 3315 1152 3368 oratione
1166 3318 1200 3370 de

192 3397 346 3465 Symmoriis
360 3396 447 3449 habitu
462 3397 534 3464 (354)
552 3395 743 3450 Demosthenes
759 3397 947 3446 commemorat
964 3395 1030 3447 adeo
1047 3393 1202 3450 imminutas

191 3492 253 3530 csse
268 3476 365 3530 civium
381 3490 445 3542 opos
462 3479 489 3527 ut
503 3474 631 3542 quidquid
646 3473 679 3526 ab
694 3473 727 3525 iis
746 3472 879 3525 contribui
897 3477 989 3539 posset
1008 3473 1084 3540 quasi
1104 3474 1202 3529 ridicu·

192 3557 247 3609 lum
263 3560 344 3610 esset.
361 3559 395 3608 Dc
409 3561 521 3621 Symtn„
544 3561 586 3618 27,
612 3549 660 3604 ὅσα
680 3549 727 3622 γὰρ
748 3547 776 3603 ἂν
794 3557 835 3603 νῦν
855 3552 1015 3621 rapinane..
1035 3551 1128 3603 πλείων
1150 3547 1202 3605 ἐστὶ

190 3635 270 3705 γέλως
285 3640 328 3687 τοῦ
345 3632 455 3704 μηδενός.
1174 3683 1176 3687 ,

228 3732 252 3778 a.
270 3724 415 3794 Demosth,
428 3724 537 3788 besola
550 3727 612 3788 lea,
628 3727 670 3775 83.
683 3720 833 3782 Quaeverba
844 3734 897 3771 non
912 3722 944 3772 ad
959 3721 1197 3790 annumeratam,

191 3810 219 3856 ut
234 3803 392 3868 Holzupielic
407 3803 494 3855 risum
516 3808 556 3855 est
574 3802 691 3862 (Drilai,
713 3815 738 3865 p.
758 3800 827 3864 265),
849 3801 896 3850 sed
915 3801 947 3850 nd
966 3813 1066 3851 annum
1080 3802 1130 3853 346
1146 3815 1201 3853 me·
1270 3800 1274 3806 '

188 3881 243 3936 iius
258 3882 397 3935 referenda
411 3883 543 3934 ridentur.

228 3976 251 4023 6.
270 3973 360 4033 isoes,
379 3972 488 4036 Syrtica,
507 3973 547 4021 tn.

228 4063 251 4112 7.
268 4062 359 4121 Iseon,
378 4064 516 4124 hrcopnp,
532 4062 556 4110 3.
