2798 4980
651 420 781 481 -68
830 454 871 465 --

259 567 369 627 inesse
390 584 407 624 a
431 565 649 644 Xenophonte
670 565 817 627 alienum
839 583 914 627 cum
939 566 1186 628 concedendum
1206 569 1266 651 sit,

258 680 428 742 videamus
459 698 567 743 nouus
596 682 806 744 inveniantur
832 682 982 761 quaedam
1003 698 1075 762 quae
1094 681 1136 743 ad
1156 681 1271 746 Xeno·

257 795 414 875 pliontem
443 805 608 859 auctorem
639 796 846 860 referendum
883 814 954 859 esse
984 795 1137 859 libellum
1166 797 1268 877 plane

257 912 458 976 confirment.

300 1026 442 1091 Dicendi
452 1027 587 1107 quidem
602 1037 634 1090 et
649 1027 900 1106 argumentandi
916 1028 1079 1091 rationem
1094 1029 1129 1089 in
1146 1027 1269 1094 libello

255 1152 367 1206 nostro
383 1141 478 1224 plane
490 1161 565 1205 curu
575 1143 805 1223 Xenophontis
817 1143 1055 1207 consuetudine
1065 1144 1269 1209 concordare

255 1261 377 1339 optime
398 1261 468 1341 jam
488 1261 701 1324 ostenderunt
721 1259 931 1338 Gleinigerus
947 1258 1213 1340 Zurborgiusque
1230 1260 1238 1290 ¹
1255 1281 1265 1343 ς

257 1384 462 1457 tottantaque
471 1377 716 1458 vocabulorum,
727 1378 1009 1441 constmctionum
1019 1376 1268 1456 figurarumque

256 1490 416 1574 exempla,
429 1510 501 1571 quae
513 1491 793 1571 Xenophonteum
808 1490 971 1570 quoddam
981 1489 1162 1571 redoleant,
1179 1497 1267 1553 attu-

256 1604 379 1688 lerunt,
403 1615 439 1670 ut
460 1608 630 1671 doctorum
650 1608 798 1670 virorum
823 1606 911 1668 curis
934 1623 986 1668 ros
1001 1605 1082 1668 satis
1096 1603 1269 1669 illustrata

255 1722 414 1785 videatur.
440 1721 560 1786 Melius
581 1724 684 1801 igitur
704 1721 887 1803 utiliusque
907 1722 947 1784 ds
967 1720 1136 1801 scriptoris
1156 1722 1267 1784 nostri

253 1836 389 1914 ingenio
406 1856 509 1917 pauca
523 1838 683 1921 dicemus,
700 1856 773 1918 quae
794 1837 834 1899 ad
859 1836 1118 1900 confirmandam
1134 1837 1265 1916 opinio·

255 1969 330 2015 nem
347 1963 492 2017 nostram
507 1955 648 2017 valeant.

299 2067 458 2141 Quattuor
480 2070 689 2150 potissimum
708 2070 779 2132 loca
798 2070 833 2130 in
854 2069 1113 2149 disputationem
1132 2068 1266 2132 vocabi·

255 2203 340 2246 mus.
359 2185 407 2247 Ex
420 2185 663 2270 pluribuslocis
673 2192 841 2248 auctorem
852 2185 989 2248 deorum
998 2183 1267 2248 amantissimum

253 2300 356 2362 fuisse
372 2303 452 2364 satis
468 2303 573 2382 liquet
591 2311 622 2364 et
637 2303 823 2364 divinarum
841 2319 953 2364 rerum
976 2315 1137 2364 summam
1150 2316 1268 2362 curant

253 2417 420 2481 habuisse.
449 2419 489 2480 In
520 2420 674 2481 univorsa
696 2418 833 2481 Graeciae
856 2415 1101 2498 perturbatione
1122 2414 1162 2479 do
1184 2413 1265 2477 Del·

254 2534 352 2612 phico
376 2536 499 2615 templo
522 2534 694 2598 liberando
709 2542 784 2596 ante
798 2534 910 2597 omnia
926 2529 1084 2612 cogitat²3
1102 2531 1268 2594 festorum

252 2666 407 2729 pompam
437 2652 702 2731 templorumque
730 2650 938 2731 splendorem
970 2649 1055 2712 iuter
1079 2646 1264 2727 praecipuos

252 2765 532 2845 pollicitationum
558 2786 690 2829 suarum
715 2767 849 2830 effectus
874 2763 1003 2846 ponit³3
1032 2781 1105 2844 quae
1130 2763 1264 2826 tandem

253 2882 394 2945 consilia
416 2883 544 2945 civibus
563 2884 728 2965 proponit,
752 2883 906 2945 extremis
926 2880 1035 2944 libelli
1055 2880 1166 2942 verbis
1184 2879 1264 2943 deo-

252 3014 326 3057 rum
347 2997 483 3061 arbitrio
502 2999 649 3082 subjicit,
676 3007 709 3059 et
731 2998 771 3060 ab
793 3015 908 3060 eorum
926 2995 1030 3077 jussis
1051 2993 1263 3073 oraculisque

254 3120 359 3174 totum
376 3114 529 3176 ellectum
540 3115 683 3194 pendere
693 3111 838 3176 asserit⁴.
850 3112 931 3187 Quae
942 3111 1053 3174 omnia
1062 3128 1138 3173 cum
1149 3108 1263 3173 Xeno·

250 3231 384 3310 phontis
402 3231 513 3292 indole
530 3233 651 3311 optime
666 3231 878 3294 conveniunt.
893 3228 995 3291 Illum
1007 3228 1097 3291 enim
1107 3227 1262 3306 frequen-

252 3348 416 3410 tissimum
440 3348 545 3410 fuisse
570 3348 703 3410 deorum
725 3347 886 3410 cultorem
907 3346 980 3424 quis
1004 3338 1159 3407 nesciat?
1184 3343 1262 3406 Del·

250 3463 340 3544 phici
356 3465 540 3543 praesertim
553 3465 720 3545 Apollinis
731 3463 914 3544 oraculum,
926 3460 1014 3541 quod
1024 3477 1112 3522 nunc
1121 3459 1263 3539 scriptor

248 3588 360 3642 noster
371 3581 613 3643 consulendum
626 3583 684 3662 ait,
703 3599 760 3661 per
775 3588 880 3642 totum
889 3578 966 3640 vitae
982 3575 1127 3657 spatium
1145 3574 1260 3638 Xeno·

288 3802 310 3850 l.
327 3799 453 3864 Zurborg,
472 3802 560 3852 18-29.
579 3827 612 3836 -
628 3798 768 3862 tllciuiger,
785 3800 876 3851 itt-oo.

286 3893 310 3940 l.
331 3890 410 3949 Vect,
430 3891 455 3951 t,
473 3895 498 3942 9.

283 3982 308 4028 3,
330 3979 407 4038 Vect,
425 3978 462 4039 Vl,
483 3982 505 4028 t.

289 4069 309 4117 i.
330 4066 409 4125 lert„
428 4064 464 4126 tt,
483 4067 507 4115 2³.
