2798 4980
517 430 735 492 ‚11-

119 573 304 652 significari
333 577 406 649 post
435 569 622 632 conlectum
653 567 776 630 sociale
808 568 936 632 bellum
956 585 1043 631 anno
1064 565 1128 631 355

118 689 229 752 iotam.
253 685 297 747 At
311 685 348 747 in
369 684 435 747 loci
455 683 496 766 V,
514 681 533 744 9
549 683 819 764 interpretatione
834 684 1029 761 gravissima
1045 684 1129 745 diffi-

121 804 226 867 cultas
241 802 396 884 haerebat,
415 801 469 864 oui
482 808 576 864 acute
591 800 739 882 quidem,
758 809 845 863 recte
865 800 991 882 minus,
1012 798 1128 862 subve-

120 919 193 980 nire
209 925 345 981 conatus
361 925 422 980 est.
444 915 528 980 Cum
548 915 629 977 belli
649 916 735 978 sacri
753 915 881 978 nullam
900 916 938 976 in
957 915 1128 995 scriptoris

121 1033 230 1094 verbis
247 1032 440 1094 memoriam
463 1048 631 1093 occurrere
652 1029 810 1112 crederet,
829 1030 927 1092 aliam
945 1049 983 1092 ex
998 1029 1128 1109 longin-

123 1151 238 1231 quiore
263 1148 398 1229 petitam
421 1147 487 1209 loci
511 1146 763 1226 explicationem
788 1146 977 1229 proposuit,
1009 1164 1128 1210 novam

122 1267 258 1347 quidem
286 1264 534 1344 inauditamque
565 1264 775 1342 significandi
807 1271 1001 1343 potestatem
1030 1263 1130 1326 verbo

122 1381 273 1449 ἐκλείπειν
289 1381 521 1444 attribuendo:
545 1398 623 1462 quo,
641 1382 670 1442 si
690 1380 850 1443 Boeckhio
870 1379 996 1461 credas,
1019 1388 1130 1460 aperte

122 1501 330 1578 significatur
351 1508 406 1560 aut
430 1497 617 1559 Phocenses
637 1497 753 1574 longos
777 1515 837 1576 per
856 1514 958 1560 annos
984 1497 1130 1592 vindica3

122 1624 189 1679 tam
217 1614 371 1696 Delphici
405 1615 518 1694 templi
548 1613 738 1700 προστασίαν
766 1615 900 1677 tandem
932 1613 1128 1694 reliquisse,

123 1737 257 1810 tumque
280 1730 416 1793 fortasse
441 1729 627 1810 Thebanos,
655 1715 831 1809 antequam
854 1729 917 1808 ipsi
939 1729 1130 1792 Phocenses

123 1847 239 1909 audaci
260 1847 405 1908 facinore
426 1862 513 1908 anno
534 1834 600 1907 355
624 1845 745 1924 templo
769 1852 801 1907 et
826 1844 906 1907 urbe
928 1844 1025 1924 potiti
1051 1845 1128 1925 sint,

124 1964 213 2042 ipsos
237 1961 438 2040 Delphicum
462 1978 590 2023 sacrum
614 1977 771 2041 occupare
796 1966 928 2024 cetratos
957 1978 1049 2038 esse3
1075 1967 1131 2021 aut

125 2078 322 2139 -diversis
339 2076 429 2139 enirn
444 2074 720 2156 explicationibus
735 2075 836 2139 dubio
851 2074 924 2137 loco
939 2092 1130 2137 succurrere

126 2193 285 2256 Boechhio
299 2191 424 2272 placuit
438 2227 481 2237 -
500 2193 599 2254 verbo
615 2190 799 2258 ἐκλιπόντων
819 2191 1025 2268 significatur
1040 2191 1130 2253 debi-

124 2307 234 2372 litatos
255 2326 325 2371 esse
349 2307 536 2370 Phocenses
557 2309 811 2370 et‘remissiores
828 2308 941 2372 factos.
960 2307 1041 2381 Quae
1062 2317 1133 2370 utut

126 2426 205 2506 sint,
230 2460 273 2468 —
296 2425 336 2485 de
358 2424 512 2487 Boeekhii
535 2424 690 2504 opinione
714 2424 813 2507 quid,
839 2423 962 2487 Cobeto
984 2431 1131 2508 auctore,

127 2539 338 2602 sentiendum
353 2539 407 2620 sit,
423 2538 523 2618 paulo
540 2539 627 2600 infra
640 2539 839 2621 videbimus,
857 2575 901 2585 -
916 2548 989 2619 post
1004 2539 1133 2602 conlec-

125 2662 196 2717 tum
211 2654 338 2718 sociale
359 2654 498 2735 bellum,
522 2662 596 2717 ante
619 2661 813 2733 occupatum
832 2653 1032 2735 Delphicum
1052 2662 1132 2717 tem-

124 2771 216 2852 plum
232 2769 380 2850 bellique
395 2771 480 2834 sacri
495 2771 628 2833 initium
651 2772 868 2850 compositum
880 2752 961 2833 esse
980 2770 1134 2834 libellum

126 2898 274 2953 nostrum
301 2889 481 2953 Boeckhius
510 2890 635 2951 statuit.
668 2889 774 2962 Quam
805 2889 1003 2951 sententiam
1032 2889 1132 2951 multi

80 3083 81 3087 Ἰ
118 3012 218 3067 7πιπιθ
245 3011 357 3068 nostra
380 3004 445 3065 viri
468 3005 572 3085 docti,
600 3004 802 3080 Kruegerius
819 3002 841 3085 ¹,
872 2999 1130 3087 Schneiderus²,

71 3104 75 3109 ’
128 3118 340 3201 Sohhlerns³,
357 3119 464 3183 secuti
478 3128 571 3201 sunt3
597 3121 712 3198 etipse
732 3118 888 3200 Cohetus,
910 3121 969 3200 qui
989 3137 1072 3182 nova
1087 3126 1131 3181 ta·

127 3254 206 3297 men
223 3237 410 3316 conjectura
437 3237 643 3316 desperatum
667 3233 779 3297 locum
800 3235 897 3298 illum
918 3235 959 3317 V,
978 3235 997 3297 tt
1019 3254 1133 3298 satiare

128 3358 264 3415 conatus
287 3349 367 3413 est⁴.
395 3349 479 3413 Cum
498 3353 534 3420 in
555 3352 765 3414 statuendum
787 3350 868 3414 belli
891 3352 973 3414 sacri
999 3353 1134 3413 initium

127 3470 245 3532 acriter
259 3469 477 3548 incumberet,
494 3476 530 3530 ut
545 3468 727 3530 Diodorum
738 3466 760 3551 ⁵,
772 3520 773 3525 ,
784 3469 842 3549 qui
857 3484 944 3531 anno
959 3463 1024 3530 355
1040 3487 1134 3531 occu·

71 3769 74 3777 ‚
164 3710 186 3761 1.
200 3711 326 3773 druogo,
346 3711 380 3759 lte
394 3709 574 3774 Xenophontis
586 3708 645 3760 vito
652 3723 662 3769 ;
674 3706 877 3772 disten-philol.
893 3706 1011 3771 Studien,
1028 3708 1056 3771 ll,
1068 3710 1134 3761 283,

73 3810 93 3828 ·
161 3803 185 3851 2.
200 3795 353 3861 Schneider,
371 3797 424 3857 ed„
442 3799 479 3862 Vl,
500 3802 558 3851 155.

164 3889 187 3938 3.
203 3885 319 3947 Solidior,
336 3887 530 3950 Barnosthenes,
549 3888 567 3949 l,
589 3889 648 3940 tto.

162 3978 188 4028 l.
205 3975 294 4039 Gobet,
310 3977 389 4029 Novae
403 3976 541 4038 lectiones,
560 3978 610 4027 756
626 3989 683 4042 sqq.

166 4063 469 4128 nonnunquam.
531 4050 533 4054 ‘
