2798 4980
583 412 802 476 ...28-

190 553 231 635 V,
255 553 274 612 9
299 555 510 633 proponebat.
540 555 659 620 Nonne
681 555 779 636 plena
797 556 870 619 luce
889 557 1103 623 obscuritates
1126 558 1196 624 illae

191 687 278 731 nunc
308 666 497 733 collucent?
527 671 671 745 Quinam
701 681 778 734 sunt
809 671 862 734 illi
889 674 958 755 qui,
991 671 1147 737 derelicto
1178 694 1198 737 e

83 816 85 821 ·
193 786 420 849 Phocensihus
435 785 570 868 templo,
585 787 783 868 Delphicum
798 789 912 850 fanum
926 806 1085 868 occupare
1101 807 1198 853 oona-

192 898 326 963 reutu1·‘?
344 903 464 980 Aperte
479 903 577 965 verho
594 902 653 966 illo
667 904 778 981 οἵτινες
793 904 971 984 Philippus
991 905 1198 986 designatur,

193 1018 314 1080 nedum
333 1018 563 1094 significentur
587 1018 749 1082 Thehani.
776 1020 945 1083 Adversus
968 1018 1066 1082 illum
1090 1020 1132 1083 de
1156 1021 1198 1083 11-

191 1135 336 1197 berando
371 1134 494 1213 templo
527 1153 585 1214 per
619 1136 806 1197 universam
838 1136 999 1199 Graeciam
1028 1137 1200 1200 mittendae

130 1302 132 1307 ,
193 1259 269 1314 sunt
283 1250 481 1332 legationes,
498 1251 618 1330 quihus
641 1259 673 1312 et
695 1252 926 1315 Thebanorum
950 1253 1199 1332 ipsorumcom-

193 1373 323 1445 paretur
337 1365 510 1428 auxilium.
528 1366 637 1429 Verbo
652 1371 922 1453 συμπολεμοῦντες
936 1368 1016 1447 quid
1031 1369 1199 1446 significe-

127 1547 133 1558 ,
193 1491 246 1544 tur
260 1482 286 1542 si
309 1499 449 1562 quaeras,
471 1482 505 1542 in
523 1479 742 1543 Philocratem
765 1482 939 1544 manifeste
959 1483 1085 1545 dictum
1108 1484 1199 1547 vide·

192 1605 245 1657 tur
273 1595 407 1676 ejusque
442 1595 580 1657 oratoris
614 1597 753 1676 amicos,
783 1596 839 1676 qui
874 1595 1068 1676 Philippum
1096 1599 1200 1660 armis

193 1712 348 1775 adversus
375 1711 564 1774 Phocenses
579 1712 802 1792 adjuvandum
821 1713 1008 1776 censebant.
1025 1713 1118 1776 Nova
1133 1715 1201 1778 ista

192 1829 461 1906 interpretatione
486 1837 517 1888 et
542 1826 633 1890 locus
657 1827 698 1909 V,
719 1825 982 1890 lauresheim:
1002 1830 1197 1908 musenim,

192 1943 257 2004 nisi
289 1943 477 2023 Philippus,
508 1942 761 2004 Atheniensium
790 1944 956 2007 civitatem
989 1945 1111 2027 injurie
1138 1945 1198 2009 ali·

193 2059 323 2137 quando
338 2054 494 2120 adficiet?
1149 2058 1151 2062 ’

240 2172 362 2236 Subtili
377 2175 512 2253 quidem
526 2175 623 2237 modo
639 2181 907 2252 argumentorum
918 2177 1037 2238 seriem
1052 2177 1200 2240 ordinari

194 2288 337 2352 libenter
358 2290 583 2352 concedimus.
608 2290 696 2364 Quid
716 2298 836 2371 autem,
858 2308 980 2371 queem,
1004 2292 1068 2353 sibi
1084 2293 1201 2355 volunt

162 2410 165 2415 '
194 2407 335 2468 auctoris
359 2407 462 2466 nostri
483 2424 557 2484 spes
579 2405 646 2468 illoc
667 2407 782 2468 inanes
801 2407 975 2468 unanimes
998 2405 1128 2469 Graecos
1143 2400 1200 2470 etl-⁴

194 2539 310 2584 versus
326 2520 520 2601 Philippum
537 2521 773 2602 conjungendi,
796 2538 834 2582 eo
847 2521 989 2583 maxime
1003 2539 1101 2604 enno,
1119 2539 1198 2602 quo,

146 2621 149 2627 ¹
194 2636 415 2698 Demosthene
440 2645 583 2718 auctore,
610 2653 782 2699 commune
811 2634 936 2697 bellurn
961 2637 1072 2715 potius
1095 2635 1197 2700 Athe-

193 2751 365 2813 niensibus
388 2751 571 2814 timendum
592 2759 661 2813 eret
680 2769 779 2832 quam
801 2759 985 2814 ceterorum
1006 2751 1198 2814 Graeeorum

194 2867 332 2930 societas
350 2865 526 2946 speranda²
545 2889 552 2929 :
576 2877 612 2928 ut
633 2886 670 2928 ex
684 2866 935 2947 preclarissima
955 2868 1046 2930 enim
1060 2867 1119 2930 illa
1132 2869 1197 2930 De-

193 2983 376 3045 mosthenis
400 2984 440 3044 de
460 3001 537 3063 pace
558 2985 704 3046 oratione
725 2983 910 3046 luculenter
927 2989 1072 3064 apparet,
1096 2983 1197 3047 Athe·

193 3101 326 3162 nienses
343 3110 419 3162 tune
441 3118 499 3163 nec
518 3101 625 3162 socios
645 3099 850 3180 habuissent,
868 3118 941 3180 nec,
958 3101 1046 3180 quod
1061 3101 1199 3179 scriptor

192 3216 482 3278 vehementissime
493 3216 626 3297 appetit,
638 3232 752 3295 pacem
762 3213 1039 3298 conciliavissent‚
1059 3217 1112 3278 sed
1125 3232 1197 3293 gra-

193 3333 365 3394 vissimum
389 3330 515 3394 bellum
537 3329 635 3394 facile
663 3331 904 3393 excitavissent.
932 3330 1017 3405 Quid
1041 3332 1105 3393 sibi
1127 3331 1199 3396 vult

26 3427 32 3442 ⁹
89 3476 91 3480 ·
193 3466 323 3529 quoque
346 3448 466 3508 mirum
486 3446 571 3509 illud
596 3448 636 3508 de
662 3446 819 3526 Philippo
842 3442 1040 3508 silentium?
1061 3447 1198 3511 Miretur

193 3562 416 3642 Holzaplelius
432 3579 518 3624 anno
533 3557 775 3624 355'omissum
786 3561 986 3624 Macedoniae
999 3580 1120 3645 regem,
1139 3580 1195 3626 ne·

191 3681 313 3759 glectas
327 3676 410 3740 belli
427 3678 534 3739 mines
555 3698 562 3738 :
580 3695 688 3739 nomre
707 3678 895 3740 mirandum
913 3679 1023 3756 potius
1038 3696 1196 3742 curenno

191 3792 267 3876 346,
286 3812 362 3855 cum
382 3793 565 3873 praesertim
579 3793 770 3873 reipublicae
789 3794 1005 3856 utilissimum
1019 3792 1195 3855 consilium

231 4049 253 4095 1.
270 4043 413 4105 9011105111,
429 4045 463 4094 Dc
476 4045 551 4105 Pace,
572 4043 659 4095 17-19.
749 4099 751 4104 ,
