2798 4980
530 413 748 476 ..21-

180 559 275 619 Dicet
289 565 398 619 tamen
412 555 534 635 aliquis
552 575 559 617 :
578 573 647 637 cur,
665 554 694 615 si
709 571 821 616 revera
836 555 923 617 aucti
940 562 1017 617 suut
1030 557 1138 636 reipu-

136 671 231 735 blicae
255 672 394 752 reditus,
420 671 448 731 si
468 671 673 751 prosperiore
702 669 811 731 aerarii
835 675 921 731 statu
939 671 1141 748 privatorum

135 787 256 868 inopiae
271 804 460 850 succurrere
476 786 567 870 licet,
584 786 725 866 proximi
741 791 868 848 tantum
889 785 969 847 anni
985 786 1069 850 ratio
1084 787 1141 848 ha·

135 904 242 984 betur,
268 921 342 966 cum
366 904 476 965 statim
501 904 597 965 novis
614 901 850 964 emolumentis
871 902 1057 980 respublica
1075 903 1143 965 frui

137 1010 272 1098 posset?
302 1019 327 1080 Ε
353 1020 494 1099 propriis
520 1014 716 1097 Holzapfelii
745 1019 948 1094 argumentis
974 1018 1140 1100 ⁴ambiguae

137 1137 330 1215 quaestionis
346 1137 531 1199 remedium
555 1108 759 1198 hauriemus.
786 1135 869 1208 Quis
888 1142 985 1211 neget
998 1137 1143 1214 peritum

137 1270 248 1313 rerum
264 1251 472 1329 publicarum
485 1252 596 1314 virum
611 1251 836 1313 acommercio
847 1251 958 1312 minus
970 1250 1140 1332 impedito,

138 1374 386 1430 emercatnrnm
401 1368 615 1430 multitudine
640 1385 755 1428 rursus
778 1366 927 1428 Athenas
945 1365 1140 1449 confluente,

137 1501 280 1545 ererum
298 1484 467 1546 venalium
481 1485 605 1566 majore
622 1466 844 1563 expos-tatione
860 1499 898 1543 ao
911 1481 1142 1561 importatione

136 1598 321 1660 feliciorem
346 1600 454 1660 aerarii
478 1607 599 1661 statum
625 1596 785 1676 suspicari
807 1613 917 1678 posse,
944 1604 976 1658 et
1000 1614 1075 1660 cum
1098 1598 1143 1661 ita

137 1721 319 1792 augeantur
332 1714 475 1794 portoria
488 1713 675 1794 vectigalia,
688 1730 802 1775 revera
816 1711 1006 1791 reipublice
1018 1713 1143 1776 reditus

137 1835 247 1890 auctos
272 1846 344 1890 esse
365 1826 588 1891 contendere?
613 1825 678 1892 Sed
701 1847 776 1890 cnm
798 1809 886 1890 certa
905 1827 1077 1891 locationis
1096 1837 1142 1893 ta-

138 1943 216 2006 bula
237 1942 344 2004 adhuc
368 1942 524 2020 alligetur
548 1943 676 2024 civitas,
703 1959 778 2004 cum
798 1950 908 2003 exacto
925 1943 1071 2005 nondum
1087 1946 1142 2006 sti·

138 2057 318 2138 palationis
329 2074 427 2137 anno,
441 2057 504 2119 hoc
515 2065 670 2120 tantuma
681 2057 932 2119 conductoribus
944 2057 978 2117 in
990 2059 1141 2120 aerarium

138 2173 306 2255 reseratur,
331 2181 490 2252 quantum
514 2181 589 2235 aute
609 2173 727 2234 factam
745 2190 858 2251 pacem
876 2173 1049 2250 vectigalia
1071 2176 1141 2237 red-

136 2286 267 2366 debant,
283 2279 342 2352 ὅσα
356 2283 412 2372 πρὸ
428 2290 489 2373 τῆς
505 2286 628 2374 εἰρήνης
651 2283 803 2373 χρήματα
819 2280 941 2372 εὕρισκε
963 2284 1007 2353 τὰ
1031 2288 1107 2373 τέλη
1117 2288 1140 2369 ¹,

137 2402 176 2463 ad
210 2401 396 2481 proximum
427 2420 551 2463 annum
579 2419 712 2465 necesse
743 2409 791 2463 est
817 2419 948 2464 omnem
972 2411 1142 2465 auctorum

136 2517 301 2579 redituum
325 2518 467 2579 fructum
490 2519 663 2580 reservari.
681 2515 779 2598 Cum,
802 2518 895 2580 novis
911 2519 1067 2581 confectis
1083 2520 1140 2580 sti-

136 2633 499 2715 pulationibus,auctus
511 2635 677 2697 redituum
689 2636 1141 2713 proventuseconductorum

136 2749 288 2811 manibus
299 2768 413 2812 rursus
428 2749 462 2808 in
478 2748 649 2828 publicum
665 2749 845 2833 redigetur,
863 2757 934 2811 tum
948 2750 1037 2828 pacis
1055 2750 1140 2813 fruc-

136 2872 187 2927 tus
203 2883 316 2927 revera
329 2865 516 2945 respublica
533 2866 702 2946 percipiet,
725 2866 957 2945 scriptorisque
978 2866 1140 2946 pollicita-

135 2982 241 3042 tiones
254 2981 407 3043 effectum
421 2983 602 3045 invenient.
622 2981 689 3044 Sed
695 2983 763 3062 jam
773 2983 935 3062 perspecti
950 2982 1139 3063 comproba-

55 3102 60 3110 '
135 3098 227 3177 tique
248 3097 460 3176 vectigalium
485 3099 693 3182 incrementi,
711 3097 790 3160 licet
806 3100 995 3178 insequenti
1015 3105 1139 3162 tantum

134 3232 220 3276 armo
243 3214 280 3274 in
303 3214 467 3294 publicam
491 3216 810 3278 administrationem
834 3216 1053 3297 impendatur,
1082 3235 1140 3280 cur

135 3331 227 3394 nulla
245 3330 328 3392 ratio
340 3331 409 3411 Jam
424 3349 511 3394 nnuc
529 3324 714 3393 habeatur?

178 3446 345 3510 Confiteor
371 3448 526 3526 equidem
555 3466 717 3509 summam
745 3447 850 3509 luisse
880 3464 966 3509 anno
991 3442 1138 3531 3551354

134 3559 349 3632 Atheniensis
372 3564 480 3637 aerarii
502 3571 699 3639 egestatem:
727 3563 784 3624 sed
809 3562 912 3642 quid,·
930 3579 1053 3644 quaeso,
1073 3562 1137 3624 sibi

133 3679 302 3758 proposuit
325 3678 435 3741 libelli
460 3679 565 3741 nostri
586 3687 709 3760 auctor,
734 3678 801 3739 nisi
824 3686 860 3740 ut
876 3678 1027 3756 egestatis
1042 3675 1136 3739 illius

133 3795 277 3858 remedia
306 3791 507 3874 quaererer?
537 3793 611 3855 Nisi
648 3794 739 3873 gravi
775 3795 888 3874 iuopia
920 3793 1135 3856 laboravisset

172 3967 193 4016 1.
212 3965 291 4026 Vect,
309 3963 346 4022 111,
365 3965 407 4014 to.

169 4053 399 4116 2.Vect.‚t,1-‘.>.
