2798 4980
567 426 787 492 ..59-

174 580 316 637 ornaret.
337 571 411 635 Sibi
430 573 571 635 nimium
588 573 703 633 tribuit
722 579 848 653 auctor,
868 588 943 634 cum
964 573 1179 650 cogitationes

174 663 501 769 sollicitudinemque
515 706 609 750 suam
623 689 664 750 de
680 687 812 750 civitate
824 695 951 749 enarrat
967 696 998 750 et
1015 706 1086 750 sese
1102 705 1178 751 con·

174 803 375 866 siderantem
396 804 503 884 fingit,
520 820 585 881 qua
598 803 725 865 ratione
745 803 834 865 cives
850 821 889 864 ex
903 802 1025 864 finibus
1042 802 1088 864 ali
1104 820 1177 883 pos-

173 920 253 999 sint,
269 938 334 999 qua
353 919 405 979 ria
426 919 650 981 Athenienses
669 919 788 980 ceteris
810 915 933 980 Graecis
952 919 1091 980 minime
1107 937 1178 980 sns-

173 1034 258 1114 pecti
273 1035 353 1094 fiant
364 1031 385 1094 ¹.
403 1032 620 1110 Diligentiam
635 1033 769 1111 quidem
783 1033 929 1095 hominis
941 1039 971 1094 et
981 1033 1177 1095 industriam

172 1159 205 1212 et
224 1147 489 1210 benevolentiam
510 1164 587 1225 erga
607 1148 695 1208 cives
718 1166 880 1209 summam
899 1155 930 1209 et
953 1148 1102 1210 vividum
1125 1167 1176 1228 pa-

173 1265 244 1326 triae
263 1281 406 1326 amorem
426 1262 570 1325 libenter
588 1263 750 1342 perspicio
767 1262 930 1344 laudeque
947 1283 954 1323 :
974 1282 1047 1344 quae
1068 1274 1177 1327 autem

172 1381 212 1443 de
230 1362 401 1460 iepuolica
420 1379 564 1457 gerenda
584 1379 725 1441 consilia
745 1381 927 1461 proposuit,
951 1399 988 1442 ex
1009 1382 1178 1442 communi

172 1495 233 1558 illo
243 1495 844 1576 argumentorumpromissionumque
862 1497 952 1558 fonte
963 1496 1086 1577 hausit,
1099 1513 1178 1577 quo-

171 1631 246 1674 rum
273 1610 449 1690 splendore
481 1610 588 1672 omnis
605 1592 736 1692 lectio,
767 1590 845 1673 dum
872 1631 1035 1674 summam
1067 1631 1179 1673 rerum

172 1728 306 1809 appetit,
336 1727 425 1804 large
456 1725 704 1806 liberaliterque
733 1727 873 1790 consilia
895 1747 955 1790 sua
979 1729 1076 1790 lucat.
1103 1726 1179 1791 Non

173 1845 290 1922 longos
305 1844 376 1906 dies
392 1843 530 1905 invenis
542 1843 793 1922 cogitationibus
804 1845 942 1924 scriptor
952 1845 1175 1924 consumpsit:

171 1961 304 2041 quodsi
321 1960 463 2042 lecisset,
480 1960 645 2021 sententia
661 1955 746 2041 111911,Ι
758 1976 833 2022 cum
848 1960 936 2022 nibil
947 1977 1045 2039 prope
1057 1979 1178 2023 novum

175 2074 334 2155 attulerit,
352 2081 480 2154 tempus
499 2092 574 2136 vere
593 2073 790 2154 perdidisset
808 2095 815 2135 ε
841 2075 899 2136 sed
914 2075 1010 2136 solita
1027 2075 1178 2137 lectionis

175 2209 242 2253 suae
259 2197 452 2270 argumenta
465 2189 617 2271 digessit,
633 2197 670 2252 ut
685 2190 866 2252 anticorum
887 2209 1022 2253 suorum
1040 2191 1180 2253 corrsilia

172 2309 287 2387 etipse
298 2314 371 2387 post
382 2306 524 2368 totalios
536 2306 1176 2386 iterumexponeretcommendaretque:
1248 2371 1251 2377 ,

175 2429 206 2484 et
223 2423 251 2482 si
266 2421 434 2484 interdum
451 2421 763 2500 amplificationibus
783 2424 1105 2502 promissionumque
1125 2443 1178 2486 va·

174 2539 278 2599 nitate
292 2537 433 2616 quadam
447 2537 634 2615 peccavisse
649 2538 791 2618 videtur,
808 2538 964 2617 temporis
984 2540 1094 2618 potius
1108 2556 1177 2601 ora-

168 2654 339 2734 tionisque
355 2655 568 2717 necessitates
584 2654 771 2716 incusandae
789 2663 875 2736 sunt,
891 2674 990 2735 quam
1001 2657 1103 2736 ipsius
1114 2657 1179 2719 viri

173 2770 346 2850 prudentia
360 2771 554 2851 peritiaque.

218 2886 293 2949 Non
308 2887 398 2948 enim
414 2907 452 2948 ex
467 2888 559 2949 omui
574 2895 663 2965 parte
677 2886 854 2967 perlectam
869 2887 1061 2967 reipublicae
1079 2863 1176 2950 reior-

172 3003 300 3064 mandae
315 3003 473 3066 rationem
483 3001 615 3064 attulit:
633 3002 930 3082 brevissimumque
941 3003 1096 3065 libellum
1107 3022 1177 3083 per-

172 3116 389 3179 lustrantibus
413 3116 511 3179 facile
536 3118 673 3183 maculae
699 3119 959 3200 imperitiaeque,
985 3120 1105 3198 quibus
1130 3140 1177 3183 re-

173 3232 275 3296 fertus
292 3240 354 3314 est,
372 3241 537 3313 apparent.
557 3234 663 3308 Quam
677 3234 789 3295 inania
800 3244 909 3296 essent
921 3233 1025 3296 multa
1035 3235 1178 3296 auctoris

173 3348 277 3411 nostri
292 3347 441 3431 consilia,
459 3367 532 3429 quae
548 3367 665 3428 magna
681 3367 720 3411 ex
734 3358 824 3429 parte
834 3351 1012 3429 perpetrari
1023 3367 1089 3412 non
1105 3368 1177 3429 pos·

174 3465 353 3544 sint‚quam
367 3481 453 3525 vanae
466 3465 754 3544 imprudentesque
763 3474 872 3527 essent
881 3484 954 3545 spes
966 3466 1177 3544 istaequibus

172 3581 429 3642 Atheniensium
438 3582 549 3643 animo
558 3581 758 3661 blandiatur,
768 3582 1073 3660 optimeBoecbhius
1083 3598 1176 3660 expo-

173 3693 269 3760 suist
296 3696 425 3769 Quanta
446 3715 484 3758 ex
504 3696 690 3774 privilegiis
712 3698 781 3760 illis
804 3707 867 3759 tam
887 3698 990 3759 effuse
1013 3716 1087 3759 cum
1109 3717 1176 3758 rne-

212 3970 321 4031 l.Vect.,
338 3969 357 4031 l,
378 3970 430 4022 l-a.

211 4061 235 4108 2.
251 4056 356 4120 Boeclrlr,
372 4071 413 4122 ορ.
427 4059 514 4118 laud„
533 4060 657 4111 tot-rol.
