2798 4980
636 421 678 429 ..
724 384 766 446 64
812 421 855 430 ..

245 538 309 593 tote
324 530 510 610 respublica
526 530 632 610 repit3
651 531 699 591 int
712 529 883 606 lliguntur
894 531 1046 609 pessimae
1057 538 1157 611 artes,
1175 533 1250 610 qui·

245 644 306 704 bue
320 645 427 706 socios
442 644 482 705 ab
499 643 640 706 Athenis
658 643 824 723 alienavit,
842 642 1078 724 publicumque
1095 645 1250 706 aerarium

246 757 408 820 exhausit.
443 757 633 821 Postulatur
654 776 738 821 nova
761 757 953 838 reipublicae
974 757 1162 841 disciplina,
1184 778 1252 839 qua

244 874 434 936 reficiantur
447 874 546 955 vires,
565 875 754 954 leveturquc
778 875 920 936 civitatis
940 873 1068 954 iuopia3
1086 875 1254 936 omnium·

245 1007 308 1069 que
320 989 433 1052 oculos
444 1006 598 1071 spemque
609 991 649 1051 ad
661 1008 733 1052 sese
744 996 937 1053 convertunt
948 987 1097 1051 Eubulus
1110 989 1253 1070 ejusque

246 1105 357 1168 amici.
373 1104 394 1165 J
396 1123 448 1165 aru
463 1106 624 1168 Isocrates
638 1106 847 1185 rhetorisque
857 1105 952 1167 illius
968 1105 1077 1167 aemuli
1094 1106 1254 1167 orationi-

246 1221 308 1282 bus
322 1219 512 1302 libellisque
528 1222 670 1284 civitatis
684 1232 825 1286 rectores
837 1223 1018 1309 lacessunt:
1037 1221 1114 1284 huic
1125 1222 1255 1300 agmini

248 1355 320 1399 sese
335 1337 484 1418 adjungit
501 1336 608 1399 libelli
624 1339 729 1401 nostri
744 1346 867 1400 auctor.
886 1336 961 1400 Nou
976 1337 1255 1418 philosophorum

248 1453 345 1514 modo
360 1452 538 1532 perfectam
562 1453 737 1532 quamdam
761 1452 1011 1533 absolutamque
1035 1452 1256 1515 reformandae

250 1566 442 1648 reipublice
457 1567 637 1647 imaginem
656 1570 809 1648 proponit
828 1588 835 1629 :
859 1568 963 1630 multa
981 1567 1131 1648 negligit,
1156 1567 1258 1647 plura

250 1681 369 1744 leviter
390 1683 604 1764 praestringit,
631 1683 856 1762 splendidiora
890 1700 1126 1764 nonuunquam
1154 1701 1257 1764 quam

250 1798 377 1860 veriora
401 1797 588 1878 pollicetur,
615 1797 702 1861 lectu
725 1799 872 1879 jucunda
894 1799 999 1878 magis
1023 1815 1122 1878 quam
1142 1798 1256 1878 reipu-

250 1912 345 1975 blicae
360 1912 457 1975 utilia
472 1914 639 1976 interdum
653 1913 871 1996 commendat,
889 1913 1037 1992 asperius
1052 1913 1088 1973 iu
1101 1911 1256 1974 adversa-

249 2028 372 2090 riorum
390 2027 603 2107 disciplinam
617 2029 797 2111 invehitur,
812 2030 916 2091 nimio
932 2028 1059 2090 fervore
1071 2028 1257 2091 amicorum

250 2162 357 2206 mores
373 2142 494 2206 laudat.
511 2144 552 2205 in
568 2145 719 2207 factionis
736 2146 825 2207 enim
845 2145 984 2223 gratiam
998 2143 1152 2223 scripsit:
1170 2149 1258 2205 tem-

249 2261 404 2339 porisque
418 2261 575 2340 propositi
593 2268 624 2322 et
640 2260 783 2323 lorensis
794 2261 985 2322 certaminis
1000 2259 1257 2323 necessitatibus

192 2358 195 2365 ¹
249 2373 345 2437 facile
361 2375 566 2455 explicantur
579 2393 706 2455 omnes,
725 2376 846 2455 quibus
865 2374 1009 2437 abundat
1030 2374 1178 2455 libellus,
1197 2391 1256 2437 ne·

249 2488 417 2568 gligeutiae
431 2500 527 2569 atque
540 2490 747 2570 iniquitates.
