2798 4980
580 425 801 490 ...35-

190 566 330 630 levatam
351 567 453 632 luisse
475 570 695 634 Atheniensis
716 573 824 635 aerarii
840 574 1005 654 inopiam:
1026 574 1110 635 intra
1125 590 1196 654 sep·

192 692 256 747 tem
272 701 434 748 annorum
447 688 591 765 spatium
604 688 699 769 quasi
722 689 877 752 continua
899 707 978 770 pace
1003 689 1197 752 fruebantur
1253 747 1256 752 ,
1294 755 1295 760 1

193 799 433 883 Atheniensem
447 805 644 868 commercio
658 811 753 867 aucto
768 805 894 867 reditus
911 804 1111 886 crescebant,
1122 822 1197 884 pru·

194 915 287 978 denti
302 917 588 980 administratione
605 919 720 982 civitas
734 921 874 999 pecunia
882 920 1076 1003 abundabat,
1090 919 1199 1000 publi·

196 1047 307 1092 carum
326 1032 592 1115 privatarumque
608 1036 889 1098 constructionum
911 1043 1024 1098 ornatu
1048 1035 1200 1116 splende·
1308 1080 1311 1085 -
1394 1030 1396 1037 ’

194 1147 261 1211 hat.
274 1148 304 1210 N
307 1168 324 1212 e
335 1152 430 1213 nohis
441 1151 528 1214 dicat
538 1152 764 1231 Holzapielius
775 1153 1048 1232 splendidasillas
1057 1154 1201 1216 auctoris

195 1266 301 1327 nostri
316 1266 584 1352 pollicitationes,
595 1270 715 1350 quihus
732 1270 833 1333 festos
849 1271 921 1333 dies
935 1267 1201 1348 magnificentius

197 1379 407 1467 celebratos¹,
430 1384 571 1463 puhlicae
593 1386 744 1463 pecnniae
766 1402 862 1447 usum
886 1385 1010 1448 civium
1031 1385 1215 1466 arbitratui

196 1497 416 1576 permissum²
432 1506 465 1562 et
479 1499 649 1562 restitutos
663 1518 774 1563 muros
797 1507 830 1564 et
852 1500 985 1563 navalia
1009 1501 1130 1564 relecta
1151 1518 1200 1563 os·

199 1620 314 1697 tentat,
332 1631 445 1677 omnes
461 1622 535 1677 aute
551 1634 675 1678 anuum
689 1613 754 1678 346
768 1618 863 1697 quasi
879 1616 1013 1680 nullum
1035 1616 1203 1680 invenisse

200 1726 383 1794 effectum³.
402 1729 569 1793 Confiteor
583 1730 738 1811 equidem
757 1739 832 1811 post
858 1733 957 1793 linem
972 1730 1104 1794 socialis
1121 1729 1205 1792 helii

200 1860 267 1905 non
282 1844 394 1907 statim
411 1851 514 1906 tantas
530 1862 608 1924 opes
624 1819 873 1929 praesto¹fuisse‚
890 1863 963 1929 quae
981 1846 1078 1909 tantis
1094 1852 1206 1907 ettam

200 1959 315 2022 multis
331 1959 492 2039 impensis
509 1961 717 2023 sufficerent:
741 1978 802 2023 neo
827 1962 967 2041 scriptor
980 1962 1050 2042 ipse
1064 1978 1208 2039 praesen-

202 2083 266 2136 tem
282 2076 436 2139 effectum
451 2052 751 2156 pollicitationibns
767 2077 836 2141 suis
850 2077 1011 2152 reservari
1026 2077 1206 2139 contendit:

202 2189 241 2251 ld
252 2207 356 2253 unum
366 2192 572 2272 propositum
582 2192 682 2255 habet
697 2197 733 2253 ut
745 2208 810 2273 quo
821 2200 927 2274 pacto,
940 2192 1047 2254 serius
1062 2193 1207 2274 ociusve,

202 2314 268 2367 tam
279 2323 437 2395 magnum
453 2307 546 2370 honae
559 2307 860 2370 administrationis
870 2308 1013 2396 fructum
1022 2307 1209 2388 respublica

201 2415 361 2501 percipiat
377 2422 544 2484 ostendat:
560 2424 640 2484 satis
657 2425 701 2483 sit
718 2422 832 2506 igitur,
850 2424 918 2484 nisi
936 2424 1047 2486 statim
1069 2431 1144 2502 post
1159 2427 1209 2484 sc'·

203 2535 287 2600 ciale
298 2537 439 2619 bellum,
452 2546 485 2599 at
495 2537 612 2599 saltem
628 2547 701 2599 ante
712 2555 836 2600 annum
846 2534 910 2599 346
920 2539 1032 2617 plnres
1049 2557 1121 2618 spes
1134 2537 1211 2599 illas

202 2653 244 2715 ad
260 2653 414 2715 effectum
426 2653 628 2732 pervenisse.
646 2651 739 2725 Quid
753 2649 1049 2714 enimllamanno
1060 2647 1123 2713 351
1135 2668 1214 2730 que·
1297 2720 1299 2722 ,

203 2769 291 2831 ritur
304 2767 545 2831 Demosthenes
569 2768 673 2830 nimia
691 2768 939 2846 magnificentia
957 2768 1058 2830 festos
1076 2769 1148 2830 dies
1163 2785 1213 2829 ce·

206 2884 339 2969 lebrari,
358 2893 389 2947 et
409 2883 520 2966 plnres
541 2885 577 2945 in
604 2884 902 2947 Panathenaeorum
925 2891 957 2945 et
978 2884 1216 2964 Dionysiorum
1256 2871 1258 2874 Α

207 3001 315 3065 ferias
333 3009 482 3083 sumptus
503 3000 651 3081 impendi
673 2980 771 3080 quam
793 3002 830 3062 in
847 3000 970 3063 olasses
988 2998 1213 3081 militesque⁴.

205 3109 327 3183 irridet
341 3135 427 3180 anno
448 3112 512 3180 349
536 3125 683 3195 reparata
707 3115 965 3197 propugnacula,
993 3115 1131 3176 relectas
1146 3115 1216 3176 vias

207 3233 381 3314 fontesque
396 3233 545 3312 aliasque
560 3249 664 3310 nugas
679 3238 711 3294 et
735 3232 927 3310 splendidas
950 3231 1217 3293 constructiones

208 3349 402 3433 reipublicae
417 3350 615 3413 detrimento
639 3346 847 3413 aedificatasl.
872 3348 913 3409 Et
938 3346 1114 3409 AEschines
1129 3364 1215 3437 com·

208 3473 369 3530 memorat
378 3467 510 3530 Eubulo
520 3465 728 3547 publicarum
737 3464 954 3545 pecuniarum
965 3482 1078 3527 curam
1086 3469 1219 3540 gerente

249 3726 271 3770 l.
289 3719 370 3781 lect„
385 3719 423 3780 Vl,
440 3717 462 3769 1.

132 3802 136 3810 '
248 3807 272 3856 2.
290 3803 370 3862 Vect„
385 3800 414 3868 V,
432 3802 473 3853 ll.

248 3895 273 3944 3.
290 3889 395 3951 attur,
413 3890 539 3940 lto-263.
556 3885 585 3936 dl
597 3886 686 3950 Hagen
704 3884 771 3951 (Eos,
790 3899 815 3950 p.
835 3888 893 3952 157,
914 3881 985 3948 158).

249 3981 274 4031 l.
291 3976 434 4037 Donasti„
449 3976 526 4039 etit,
543 3978 562 4040 l,
579 3981 621 4028 35.

252 4073 276 4120 5.
290 4066 436 4125 Demean..
455 4067 505 4129 ot,
523 4065 561 4127 ill,
578 4068 621 4117 29.
