2798 4980
586 404 717 465 ..10
762 441 805 450 -.

190 564 251 626 pax
276 542 366 608 illa?
391 545 571 610 Duobusne
596 545 678 610 locis
699 564 764 609 nna
786 547 966 629 eademque
988 568 1048 630 pax
1071 553 1202 630 signifi·
1256 588 1262 596 -

190 668 293 742 catur,
310 677 352 723 an
368 661 424 724 hic
439 663 605 725 maritima
620 681 691 744 par,
715 679 779 743 qua
797 680 884 727 anno
905 661 970 728 355
993 667 1116 730 sociale
1130 668 1202 733 bel·

191 774 260 838 lum
277 775 463 840 consectum
478 784 539 859 est,
556 775 629 840 illic
639 785 792 841 terrestre
806 777 923 862 ioedus,
936 780 1023 860 quod
1034 798 1122 846 anno
1133 780 1203 847 346

190 909 209 952 a
226 889 412 954 Philocrate
428 893 528 955 ictum
548 892 589 954 ab
608 891 743 955 homine
765 892 837 971 ipso
857 909 977 957 nomen
997 894 1086 978 tulit,
1111 914 1201 973 com-

191 1000 421 1068 memoratur?
444 1005 541 1068 Alius
559 1007 686 1068 accedit
705 1006 880 1085 ambiguus
902 1007 1005 1090 locus,
1033 1027 1098 1090 quo
1118 1010 1160 1094 V,
1180 1010 1201 1075 9

192 1129 416 1200 occupatuma
433 1121 659 1184 phocensibus
674 1130 706 1184 et
718 1108 831 1184 rursus
847 1121 1042 1187 derelictum
1059 1124 1199 1206 Delphi·

191 1255 266 1299 cum
292 1236 449 1317 templum
472 1237 606 1321 dicitur,
633 1237 784 1319 aliusque
805 1241 926 1320 gentis,
949 1241 1098 1304 obscuris
1124 1245 1200 1323 qui-

192 1354 267 1416 dem
295 1355 406 1416 verbis
436 1355 633 1437 designatae,
665 1356 785 1435 cupido
808 1365 954 1438 notatur,
981 1377 1054 1439 quae
1082 1360 1201 1440 templi

191 1471 380 1556 προστασίαν
404 1471 465 1533 sibi
489 1471 657 1534 vindicare
679 1480 794 1535 conata
818 1474 900 1538 est¹.
929 1475 1009 1549 Quae
1030 1477 1205 1556 scriptoris

193 1584 290 1646 verba
304 1593 400 1665 prout
416 1586 654 1667 interpreteris,
675 1603 762 1648 anno
782 1583 846 1649 355
864 1587 914 1650 vel
931 1587 1204 1654 011003460οω-

192 1700 335 1780 positum
350 1718 421 1762 esse
437 1699 592 1764 libellum
609 1708 742 1764 statuas
761 1702 808 1762 Ex
825 1703 877 1764 his
894 1704 999 1766 tribus
1014 1703 1096 1767 locis
1112 1713 1202 1770 totus

193 1817 343 1879 hauritur
358 1828 624 1895 argumentorum
639 1827 823 1901 apparatus,
848 1820 883 1879 in
905 1818 1022 1882 horum
1039 1822 1202 1903 interpre-

196 1932 316 1994 tatione
339 1933 440 1995 totius
465 1933 659 2012 quaestionis
682 1933 777 1995 cardo
799 1943 965 1997 versatur:
991 1935 1058 1997 alia
1075 1938 1202 2019 omnia,

193 2065 267 2126 quae
292 2048 486 2111 secundario
509 2048 581 2110 loco
604 2048 644 2109 ad
666 2048 921 2148 continuandam
945 2049 997 2111 vel
1021 2052 1205 2115 ornandam

193 2164 301 2243 potius
317 2165 506 2243 opinionem
523 2165 697 2244 scriptores
713 2164 906 2248 attulerunt,
933 2185 1027 2247 aequa
1039 2166 1205 2231 facilitate

194 2297 269 2342 oum
298 2280 438 2341 diversis
468 2281 643 2343 sententiis
671 2288 738 2342 tam
761 2282 883 2343 mirum
910 2283 945 2343 in
969 2284 1104 2345 modum
1129 2302 1205 2346 con·

194 2403 327 2476 gruunt,
354 2404 390 2458 ut
415 2404 542 2458 certum
564 2395 651 2463 nihil
676 2415 714 2458 ex
737 2396 808 2458 illis
833 2398 1056 2476 argumentari
1081 2400 1200 2477 possis.

196 2509 275 2573 Tres
290 2511 391 2588 igitur
404 2509 494 2573 locos
511 2510 588 2573 11105
599 2512 763 2591 quomodo
777 2512 863 2575 docti
871 2513 1111 2595 intellexerint,
1128 2513 1202 2576 hre-

195 2628 279 2689 viter
293 2643 464 2689 recensere
479 2645 612 2690 necesse
632 2635 692 2709 est,
712 2636 747 2690 ut
763 2627 880 2690 stabile
896 2630 1111 2708 disputationi
1126 2647 1202 2694 nos·

196 2754 251 2807 trae
267 2743 518 2807 fundamentum
534 2751 725 2817 statuamus.

241 2860 363 2922 Primis
388 2860 516 2922 duobus
537 2859 620 2921 locis
644 2878 743 2920 unam
765 2859 978 2939 eamdemque
1000 2878 1114 2940 pacem
1134 2880 1202 2923 me-

195 2978 316 3039 morari
343 2977 411 3057 jam
440 2975 619 3039 Boeckhius
649 2974 854 3057 conterunt,
883 2988 914 3038 et
944 2976 1039 3038 illam
1067 2978 1203 3056 quidem

195 3144 307 3196 πλεῖστοι
326 3140 446 3212 προσόδοι
464 3144 594 3212 γίγνοιντο.
617 3172 649 3181 -
670 3146 696 3195 t.
720 3146 758 3196 ta.
780 3141 908 3194 Γνώσεται
933 3140 967 3197 δὲ.
995 3141 1024 3209 ἥν
1049 3146 1138 3214 σκοπῇ,
1160 3144 1202 3195 καὶ

198 3220 221 3276 ἐν
245 3229 281 3294 τῷ
305 3228 346 3275 νῦν
372 3220 457 3294 Ιρρόνῳ
485 3220 525 3274 διὰ
549 3221 591 3293 μὲν
615 3220 656 3274 τόν
681 3220 791 3293 πόλεμον
816 3223 857 3274 καὶ
884 3226 933 3274 τῶν
956 3220 1087 3293 προσόδων
1106 3221 1203 3285 πολλάς

197 3301 356 3366 ἐκλειπούσας
376 3306 418 3357 καί
440 3302 483 3366 τὰς
503 3301 655 3366 εἱςελόοόσας
682 3301 714 3365 εἰς
740 3301 886 3356 παντοδαπὰ
911 3302 996 3355 πολλὰ
1025 3305 1202 3370 καταδαπανη-

197 3387 298 3445 δείσας’
321 3380 373 3436 ἐπεὶ
392 3382 418 3435 δὲ
445 3380 526 3452 εἰρήνη
556 3380 619 3434 κατὰ
644 3381 766 3435 θάλατταν
786 3383 926 3454 γεγένηται,
953 3379 1090 3453 ηὐξημένος
1115 3402 1141 3435 τε
1160 3381 1203 3445 τὰς

195 3463 343 3536 προσόδους,
366 3465 406 3517 καὶ
425 3464 524 3524 ταόταις
545 3458 597 3524 ἐξόν
616 3472 667 3524 τοῖς
686 3463 799 3524 πολίταις
818 3464 927 3533 χρῆσθαι
944 3458 957 3514 ό
976 3482 999 3514 τι
1020 3462 1158 3531 βούλονται.

235 3552 258 3602 l.
283 3553 307 3602 t.
331 3555 356 3602 9.
383 3543 416 3600 Εἰ
441 3545 466 3598 δὲ
490 3547 532 3598 καὶ
555 3542 622 3608 ὅπως
647 3543 674 3598 τό
699 3542 723 3597 ἐν
746 3546 852 3616 Δελφοῖς
873 3543 936 3616 ἱερόν
962 3542 1096 3615 αὐτόνομον
1121 3546 1202 3616 ὥςπερ

196 3625 300 3698 πρόσθεν
332 3627 427 3698 γένοιτο
458 3628 559 3698 φανεροὶ
592 3626 657 3692 εἰἠτε
688 3622 885 3697 ἐπιμελουμένοι,
912 3626 945 3696 μὴ
977 3625 1200 3696 συμπολεμοῦντος,

197 3702 263 3759 ἀλλὰ
282 3708 455 3777 πρεσόεόοντες
480 3702 526 3759 άνὰ
548 3712 592 3773 τῆν
620 3705 747 3768 Ἑλλάδα,
769 3702 818 3777 ἐγὼ
838 3705 880 3777 μὲν
910 3703 978 3759 οὐδέν
1003 3703 1031 3757 ἂν
1052 3696 1122 3775 οἶμαι
1141 3707 1201 3758 θαυ-

197 3785 289 3858 μαστόν
318 3779 380 3839 εἶναι
412 3785 431 3839 εἰ
463 3790 504 3840 καὶ
531 3787 624 3849 πάντας
656 3786 712 3849 τοὺς
747 3788 877 3853 Ἕλληνας
903 3785 1081 3858 ὁμογνώμονάς
1107 3805 1133 3838 τε
1161 3788 1203 3839 καὶ
1231 3824 1246 3835 .

196 3865 327 3937 συνόρκους
353 3867 394 3932 καὶ
426 3865 574 3938 συμμάχους
604 3865 704 3936 λάβοιτε
731 3861 772 3917 ἐπ’
801 3863 906 3928 ἐκείνους
935 3866 1021 3929 οἵτινες
1053 3861 1203 3918 ἐκλιπόντων

196 3943 307 3996 Φωκέων
326 3940 353 3995 τό
373 3940 437 4013 ἱερόν
457 3943 653 4014 καταλαμόάνειν
673 3940 815 4013 ἐπειρῶντο.

234 4037 259 4084 a.
274 4031 376 4094 noerru,
393 4046 435 4095 op.
452 4011 540 4097 rari„
557 4033 574 4094 1,
592 4036 716 4088 cos-roo.
