2798 4980
583 422 802 486 -50..

192 568 284 630 turcis
300 566 552 629 communicatis
568 565 760 647 reipublicae
776 566 973 630 detrimenta
987 566 1199 649 immineant,

191 700 289 761 quam
309 682 473 745 incertum
491 683 536 744 sit
560 681 731 760 egregium
753 681 884 743 lucrum
906 680 991 744 illud
1014 680 1202 744 Athenien·

192 797 282 859 sibus
303 799 516 876 propositum,
538 796 625 876 quod
647 814 685 858 ex
708 794 900 858 diversoriis
925 795 1137 875 tabernisque
1160 795 1204 857 ad

191 920 410 974 mercatorum
426 929 522 974 usum
535 912 709 973 exstructis
721 910 917 991 percipiant,
937 911 1114 974 triobolum
1129 912 1203 973 sin-

191 1026 262 1104 guli
279 1027 314 1088 in
332 1027 481 1106 singulos
503 1027 576 1088 dies
599 1024 795 1107 recepturi¹,
821 1035 898 1106 quot
918 1025 1036 1088 damna
1057 1026 1203 1106 privato·

192 1161 263 1204 rum
281 1141 400 1219 opibus
416 1150 674 1221 mercatuneque
688 1142 809 1204 inierat
830 1141 1021 1205 commercii
1036 1157 1127 1223 cura,
1145 1161 1204 1221 pu-

193 1257 289 1320 blicus
314 1256 534 1320 sollicitudini
551 1257 759 1340 commissa²,
783 1275 881 1338 quam
902 1260 1035 1320 inanem
1058 1257 1206 1339 deniquo

193 1374 334 1453 scriptor
350 1373 388 1435 de
403 1373 656 1452 argentifodinis
672 1373 863 1453 opinionem
879 1373 945 1435 sibi
961 1373 1104 1455 finxerit,
1122 1375 1206 1436 satis

194 1490 314 1569 liquet.
333 1489 361 1549 N
365 1507 405 1552 on
423 1508 532 1551 rerum
547 1488 755 1569 publicarum
768 1491 966 1571 visperitus,
984 1507 1050 1552 non
1064 1490 1206 1568 gerendi

193 1605 302 1667 citrarii
318 1614 468 1683 expertus
484 1580 604 1684 orator,
618 1623 684 1667 nou
699 1603 869 1692 χρημάτων
879 1603 1056 1690 ποριστικός
1070 1605 1121 1666 vir
1138 1614 1207 1667 tarn

194 1721 328 1782 inutilia
340 1721 467 1783 somnia
480 1730 565 1782 tanta
576 1722 756 1800 pertinacia
767 1722 937 1801 amplexus
952 1730 1020 1783 est:
1036 1739 1103 1784 non
1118 1739 1208 1784 mer-

193 1844 291 1919 cator,
309 1846 342 1897 ut
360 1835 553 1898 Onckcnius
574 1835 807 1918 existimavit³,
827 1845 893 1898 tam
913 1836 1026 1900 inania
1049 1837 1206 1920 consilia,

193 1951 281 2014 lectu
294 1951 443 2032 jucunda
463 1951 567 2028 inagis
586 1967 684 2029 quam
704 1951 813 2029 reipsa
831 1950 1023 2031 reipublice
1043 1951 1205 2033 salubria,

194 2066 344 2145 protulit.
367 2065 437 2128 Nec
459 2066 669 2128 infitiandum
691 2075 739 2128 est
758 2066 892 2146 quidem
915 2067 1106 2146 scriptorem
1127 2085 1206 2132 nos·

196 2191 280 2244 trum
295 2199 356 2244 uec
373 2183 443 2244 veri
459 2200 568 2244 reruni
584 2189 685 2242 status
697 2181 857 2243 rationem
868 2183 947 2244 satis
958 2181 1126 2264 habuisse,
1144 2201 1208 2247 nec

193 2316 265 2376 quin
283 2296 422 2359 consilia
438 2297 631 2358 inanimum
652 2295 820 2357 induxerit
834 2296 963 2358 efficine
978 2296 1107 2376 possint
1124 2298 1207 2361 satis

195 2414 406 2491 spectavisse.
419 2410 598 2491 Optimade
607 2410 797 2490 reipublicae
809 2419 894 2474 statu
904 2411 1050 2473 remedia
1060 2413 1205 2497 invenit,

194 2546 295 2591 unum
304 2535 432 2590 tantum
448 2528 569 2590 oblitus
580 2534 642 2607 est,
655 2534 691 2587 ut
701 2526 875 2604 Zurborgii
886 2527 985 2588 verba
994 2545 1205 2613 usurpemus,

197 2671 211 2701 «
231 2662 297 2706 non
313 2644 424 2706 omniu
442 2662 514 2724 quse
532 2644 566 2704 in
584 2643 781 2721 cogitatione
795 2661 832 2706 ac
849 2643 996 2705 doctrino
1010 2643 1209 2709 viderentur

194 2763 328 2841 optima,
349 2761 448 2822 etiarn
466 2761 500 2823 in
518 2761 586 2822 vita
606 2758 699 2822 civili
719 2768 750 2822 et
770 2759 806 2820 in
828 2761 899 2840 ipsa
920 2760 1089 2840 republica
1107 2762 1209 2825 utilia

194 2895 264 2938 esse
284 2875 331 2938 »ἢ
351 2877 429 2937 Hauc
448 2876 560 2938 omnia
575 2875 797 2938 concedimus
814 2875 939 2938 Verum
950 2878 1038 2939 enim
1049 2895 1127 2939 vero
1137 2895 1208 2941 uon

194 2995 237 3056 ita
254 2994 511 3073 intelligendum
527 3001 576 3055 est
590 2993 733 3055 auctoris
754 2994 858 3055 nostri
872 2992 1087 3077 propositum,
1107 2996 1206 3072 quasi

194 3112 276 3173 bene
298 3120 445 3191 puratum
467 3111 751 3188 excogitatumqne
773 3109 990 3172 reformandae
1010 3109 1206 3189 reipublicae

195 3227 370 3291 consilium
391 3227 506 3288 afferre
529 3226 696 3289 voluerit:
719 3243 779 3288 nec
799 3244 857 3305 per
876 3227 1044 3288 inscitiam
1061 3232 1105 3290 tot
1119 3226 1206 3291 locis

195 3342 495 3419 ruugnidcentiores
524 3340 781 3421 pollicitationes
805 3359 904 3421 quarn
925 3341 1069 3404 veriores
1093 3350 1206 3406 osten·

196 3459 287 3521 tavit.
319 3457 363 3519 Ut
393 3455 516 3519 Eubuli
546 3457 792 3536 amicorumque
826 3456 1004 3519 factionem
1032 3456 1204 3540 laudaret,

195 3574 306 3637 onruia
330 3574 473 3635 libenter
496 3571 645 3651 pleniora
669 3579 765 3650 atque
791 3570 942 3632 uberiora
968 3571 1145 3650 promisit:
1168 3581 1207 3635 ut

195 3713 404 3720 -.—-..-—

233 3788 256 3839 l.
276 3787 356 3848 Vcct„
374 3787 413 3847 lli,
432 3787 504 3839 o-tt.

232 3879 257 3927 2.
277 3874 405 3936 Vect.,lii,
427 3876 466 3926 il.

231 3970 257 4015 3.
276 3962 392 4025 Ouckcu,
412 3967 540 4014 isocrates
557 3963 612 4014 iered
626 3961 718 4017 dibeo.
736 3976 762 4027 p,
779 3968 822 4016 tt.

232 4058 257 4105 l.
273 4052 397 4116 burlung,
415 4069 456 4119 op.
473 4053 556 4111 laud,
576 4056 618 4105 ut).
